ts_utc,market,team,price,bid,ask,last_trade,volume,liquidity,closed
2026-06-12T11:39:29+00:00,advance,South Korea,0.94,0.93,0.95,0.95,14424.751183999997,5017.6428,False
2026-06-12T11:39:29+00:00,advance,Czech Republic,0.585,0.58,0.59,0.59,18862.890858,7070.3165,False
2026-06-12T11:39:29+00:00,advance,Switzerland,0.938,0.937,0.939,0.939,70497.21613399996,24207.05781,False
2026-06-12T11:39:29+00:00,advance,Bosnia and Herzegovina,0.655,0.65,0.66,0.65,23297.434256999997,26461.1751,False
2026-06-12T11:39:29+00:00,advance,Morocco,0.865,0.86,0.87,0.86,23066.884133000003,26858.1664,False
2026-06-12T11:39:29+00:00,advance,Haiti,0.135,0.13,0.14,0.14,74166.30360700005,34121.4745,False
2026-06-12T11:39:29+00:00,advance,Australia,0.43,0.41,0.45,0.43,26841.113209000025,22412.7039,False
2026-06-12T11:39:29+00:00,advance,Turkey,0.8,0.79,0.81,0.81,23051.895167000002,25541.3977,False
2026-06-12T11:39:29+00:00,advance,Ecuador,0.875,0.87,0.88,0.88,16069.09410200001,18958.6956,False
2026-06-12T11:39:29+00:00,advance,Curaçao,0.075,0.07,0.08,0.08,30445.776177999986,28367.6693,False
2026-06-12T11:39:29+00:00,advance,Japan,0.795,0.79,0.8,0.8,21570.240245000005,9430.7614,False
2026-06-12T11:39:29+00:00,advance,Sweden,0.625,0.62,0.63,0.63,20008.835178999998,21486.6893,False
2026-06-12T11:39:29+00:00,advance,Iran,0.623,0.618,0.628,0.628,14405.640139000003,17749.48313,False
2026-06-12T11:39:29+00:00,advance,New Zealand,0.305,0.3,0.31,0.32,71830.63388299991,23916.2294,False
2026-06-12T11:39:29+00:00,advance,Uruguay,0.89,0.88,0.9,0.89,14813.888405000005,17325.1006,False
2026-06-12T11:39:29+00:00,advance,Cape Verde,0.295,0.29,0.3,0.3,11395.539511000003,34844.5927,False
2026-06-12T11:39:29+00:00,advance,Senegal,0.715,0.71,0.72,0.72,50526.329825999994,29326.3306,False
2026-06-12T11:39:29+00:00,advance,Iraq,0.135,0.13,0.14,0.14,180382.3906979999,37185.2897,False
2026-06-12T11:39:29+00:00,advance,Austria,0.795,0.78,0.81,0.81,23557.829501000007,6390.0568,False
2026-06-12T11:39:29+00:00,advance,Jordan,0.225,0.21,0.24,0.21,63462.35073200006,35580.6949,False
2026-06-12T11:39:29+00:00,advance,Colombia,0.895,0.89,0.9,0.89,19977.959730999995,22108.0592,False
2026-06-12T11:39:29+00:00,advance,Mexico,0.9715,0.97,0.973,0.973,34284.336448,36693.04333,False
2026-06-12T11:39:29+00:00,advance,South Africa,0.175,0.17,0.18,0.17,24316.609835999992,11948.6291,False
2026-06-12T11:39:29+00:00,advance,Canada,0.855,0.85,0.86,0.86,41180.84467499907,33820.456,False
2026-06-12T11:39:29+00:00,advance,Qatar,0.205,0.2,0.21,0.2,63999.161238999965,37864.5783,False
2026-06-12T11:39:29+00:00,advance,Brazil,0.9665,0.964,0.969,0.964,39142.64698699998,30985.73113,False
2026-06-12T11:39:29+00:00,advance,Scotland,0.695,0.69,0.7,0.7,50888.368677999955,18763.2385,False
2026-06-12T11:39:29+00:00,advance,United States,0.84,0.83,0.85,0.85,38856.829830000024,31502.8458,False
2026-06-12T11:39:29+00:00,advance,Paraguay,0.625,0.62,0.63,0.63,28597.516902000003,23669.4588,False
2026-06-12T11:39:29+00:00,advance,Germany,0.959,0.955,0.963,0.964,20690.719589,11223.51207,False
2026-06-12T11:39:29+00:00,advance,Ivory Coast,0.775,0.77,0.78,0.78,10562.543655999994,38345.4972,False
2026-06-12T11:39:29+00:00,advance,Netherlands,0.925,0.92,0.93,0.92,24367.905893000003,10827.0781,False
2026-06-12T11:39:29+00:00,advance,Tunisia,0.365,0.36,0.37,0.37,45280.024344000056,29543.8293,False
2026-06-12T11:39:29+00:00,advance,Belgium,0.9625,0.956,0.969,0.969,19711.830731999995,15065.23441,False
2026-06-12T11:39:29+00:00,advance,Egypt,0.715,0.71,0.72,0.72,6341.631969,29429.3272,False
2026-06-12T11:39:29+00:00,advance,Spain,0.9815,0.981,0.982,0.982,51109.42176900004,54908.64406,False
2026-06-12T11:39:29+00:00,advance,Saudi Arabia,0.345,0.34,0.35,0.35,94988.79590899998,39715.9662,False
2026-06-12T11:39:29+00:00,advance,France,0.9665,0.966,0.967,0.964,53905.694440000014,28744.82614,False
2026-06-12T11:39:29+00:00,advance,Norway,0.855,0.85,0.86,0.86,77689.9439549999,18086.4481,False
2026-06-12T11:39:29+00:00,advance,Argentina,0.9595,0.957,0.962,0.962,20240.633519999992,12841.15853,False
2026-06-12T11:39:29+00:00,advance,Algeria,0.655,0.65,0.66,0.66,13450.628283999997,30521.9047,False
2026-06-12T11:39:29+00:00,advance,Portugal,0.9625,0.962,0.963,0.962,26295.16236900003,16482.0675,False
2026-06-12T11:39:29+00:00,advance,Uzbekistan,0.315,0.31,0.32,0.32,22162.03714,29920.3359,False
2026-06-12T11:39:29+00:00,advance,England,0.9685,0.968,0.969,0.969,22100.867746999997,10987.34827,False
2026-06-12T11:39:29+00:00,advance,Panama,0.365,0.36,0.37,0.36,42340.22809600002,38137.5461,False
2026-06-12T11:39:29+00:00,advance,DR Congo,0.42,0.41,0.43,0.42,23959.009255999994,16846.523,False
2026-06-12T11:39:29+00:00,advance,Croatia,0.825,0.82,0.83,0.82,50456.868261999996,19954.4299,False
2026-06-12T11:39:29+00:00,advance,Ghana,0.495,0.49,0.5,0.5,74964.68550299994,30015.1823,False
2026-06-12T11:39:29+00:00,outright,Spain,0.1695,0.169,0.17,0.17,40269661.93395538,6251540.64865,False
2026-06-12T11:39:29+00:00,outright,New Zealand,0.0005,,0.001,0.001,45666904.73264519,19536119.48619,False
2026-06-12T11:39:29+00:00,outright,Switzerland,0.0135,0.013,0.014,0.013,42300095.56929576,1989417.84175,False
2026-06-12T11:39:29+00:00,outright,England,0.1045,0.104,0.105,0.105,34795275.854177214,6878486.17158,False
2026-06-12T11:39:29+00:00,outright,France,0.1605,0.16,0.161,0.161,46414754.698023126,6670224.60216,False
2026-06-12T11:39:29+00:00,outright,South Korea,0.0045,0.004,0.005,0.004,61125058.7082328,3209166.16089,False
2026-06-12T11:39:29+00:00,outright,Haiti,0.0005,,0.001,0.001,32251394.821820088,19298584.8922,False
2026-06-12T11:39:29+00:00,outright,Brazil,0.0845,0.084,0.085,0.085,36468831.18997975,6579964.16679,False
2026-06-12T11:39:29+00:00,outright,Jordan,0.0005,,0.001,0.001,31858403.821882773,19343160.6228,False
2026-06-12T11:39:29+00:00,outright,Curaçao,0.0005,,0.001,0.001,42158912.22691622,18911832.06279,False
2026-06-12T11:39:29+00:00,outright,Argentina,0.0875,0.087,0.088,0.087,37309960.739208974,6003613.47302,False
2026-06-12T11:39:29+00:00,outright,Germany,0.0515,0.051,0.052,0.051,39706472.92477998,2067156.11466,False
2026-06-12T11:39:29+00:00,outright,Colombia,0.0175,0.017,0.018,0.017,44795999.02925227,4198416.63899,False
2026-06-12T11:39:29+00:00,outright,Iran,0.0015,0.001,0.002,0.001,49039205.46778998,10981686.58511,False
2026-06-12T11:39:29+00:00,outright,Portugal,0.1085,0.108,0.109,0.109,42456661.79816397,5424454.70557,False
2026-06-12T11:39:29+00:00,outright,Ghana,0.0015,0.001,0.002,0.001,40384809.23444194,15062388.71508,False
2026-06-12T11:39:29+00:00,outright,Netherlands,0.0445,0.044,0.045,0.045,41945170.489608616,2574165.72804,False
2026-06-12T11:39:29+00:00,outright,Algeria,0.0015,0.001,0.002,0.001,47244204.38021553,10061323.91358,False
2026-06-12T11:39:29+00:00,outright,Bosnia and Herzegovina,0.0015,0.001,0.002,0.001,31286848.906717908,14213667.13255,False
2026-06-12T11:39:29+00:00,outright,United States,0.0115,0.011,0.012,0.012,58437126.710739255,6863397.32696,False
2026-06-12T11:39:29+00:00,outright,Canada,0.0035,0.003,0.004,0.004,47460347.89833311,8482946.51327,False
2026-06-12T11:39:29+00:00,outright,Turkey,0.0115,0.011,0.012,0.011,40729739.889217146,2934178.22449,False
2026-06-12T11:39:29+00:00,outright,Uruguay,0.0095,0.009,0.01,0.009,43989137.81699599,10132973.53354,False
2026-06-12T11:39:29+00:00,outright,Mexico,0.0145,0.014,0.015,0.014,49508630.6270283,1852729.83521,False
2026-06-12T11:39:29+00:00,outright,Paraguay,0.0015,0.001,0.002,0.002,48873065.56933261,3996568.21698,False
2026-06-12T11:39:29+00:00,outright,Scotland,0.0025,0.002,0.003,0.002,44923745.06982937,15214891.44653,False
2026-06-12T11:39:29+00:00,outright,Japan,0.0215,0.021,0.022,0.022,45428544.46223095,636048.72833,False
2026-06-12T11:39:29+00:00,outright,Norway,0.0245,0.024,0.025,0.024,42937759.43220089,1373390.94754,False
2026-06-12T11:39:29+00:00,outright,Tunisia,0.0005,,0.001,0.001,35854112.263686016,16382788.00877,False
2026-06-12T11:39:29+00:00,outright,Ecuador,0.0085,0.008,0.009,0.008,49399013.66487872,4317408.18731,False
2026-06-12T11:39:29+00:00,outright,Uzbekistan,0.0005,,0.001,0.001,60214272.13841757,13834339.76145,False
2026-06-12T11:39:29+00:00,outright,Morocco,0.0155,0.015,0.016,0.016,47037202.77445275,1889715.68881,False
2026-06-12T11:39:29+00:00,outright,Panama,0.0005,,0.001,0.001,19673909.555756878,19152039.52836,False
2026-06-12T11:39:29+00:00,outright,Iraq,0.0005,,0.001,0.001,29311705.602710936,19459207.08234,False
2026-06-12T11:39:29+00:00,outright,South Africa,0.0005,,0.001,0.001,38659894.00789427,12920698.08531,False
2026-06-12T11:39:29+00:00,outright,Senegal,0.0065,0.006,0.007,0.007,41258562.256753445,5652467.3262,False
2026-06-12T11:39:29+00:00,outright,Ivory Coast,0.0035,0.003,0.004,0.004,56609369.983116314,5114103.271,False
2026-06-12T11:39:29+00:00,outright,DR Congo,0.0015,0.001,0.002,0.001,60155361.13240983,9645520.44353,False
2026-06-12T11:39:29+00:00,outright,Cape Verde,0.0005,,0.001,0.001,40440003.17716404,18676049.08119,False
2026-06-12T11:39:29+00:00,outright,Czech Republic,0.0015,0.001,0.002,0.001,45542133.20801602,11756891.64626,False
2026-06-12T11:39:29+00:00,outright,Qatar,0.0005,,0.001,0.001,42248929.66833187,18299068.29883,False
2026-06-12T11:39:29+00:00,outright,Belgium,0.0205,0.02,0.021,0.02,44572023.35774554,2313928.47583,False
2026-06-12T11:39:29+00:00,outright,Australia,0.0015,0.001,0.002,0.001,48235100.986567825,18432873.90993,False
2026-06-12T11:39:29+00:00,outright,Saudi Arabia,0.0005,,0.001,0.001,49166382.02288372,12672364.19171,False
2026-06-12T11:39:29+00:00,outright,Austria,0.0045,0.004,0.005,0.004,46762797.08030736,3659847.47982,False
2026-06-12T11:39:29+00:00,outright,Croatia,0.0085,0.008,0.009,0.008,48283166.83438427,3159431.54689,False
2026-06-12T11:39:29+00:00,outright,Egypt,0.0025,0.002,0.003,0.002,53756668.97386071,6971424.15264,False
2026-06-12T11:39:29+00:00,outright,Sweden,0.0035,0.003,0.004,0.003,34357879.35141919,9804588.19277,False
2026-06-12T11:39:29+00:00,group_winner,Mexico,0.625,0.62,0.63,0.63,351501.12415699946,96659.344,False
2026-06-12T11:39:29+00:00,group_winner,South Korea,0.345,0.34,0.35,0.35,119077.94444000012,80984.9269,False
2026-06-12T11:39:29+00:00,group_winner,South Africa,0.009,0.008,0.01,0.008,334691.85770600004,52053.70591,False
2026-06-12T11:39:29+00:00,group_winner,Czech Republic,0.0375,0.037,0.038,0.037,71219.37115600004,57557.29191,False
2026-06-12T11:39:29+00:00,group_winner,Canada,0.305,0.3,0.31,0.3,68114.02489099994,74903.8276,False
2026-06-12T11:39:29+00:00,group_winner,Qatar,0.0215,0.021,0.022,0.021,79210.25372899999,89451.2625,False
2026-06-12T11:39:29+00:00,group_winner,Bosnia and Herzegovina,0.125,0.12,0.13,0.13,100078.20092899996,87337.4774,False
2026-06-12T11:39:29+00:00,group_winner,Switzerland,0.565,0.56,0.57,0.57,149749.51822299973,89110.9439,False
2026-06-12T11:39:29+00:00,group_winner,Scotland,0.073,0.07,0.076,0.075,217814.18444599997,82258.92194,False
2026-06-12T11:39:29+00:00,group_winner,Brazil,0.72,0.71,0.73,0.73,153076.70570500055,65897.3696,False
2026-06-12T11:39:29+00:00,group_winner,Haiti,0.012,0.009,0.015,0.013,61593.20481600001,65334.52298,False
2026-06-12T11:39:29+00:00,group_winner,Morocco,0.215,0.21,0.22,0.22,151687.96856500034,63556.2722,False
2026-06-12T11:39:29+00:00,group_winner,Paraguay,0.165,0.16,0.17,0.17,80329.81011899991,42863.3846,False
2026-06-12T11:39:29+00:00,group_winner,Turkey,0.385,0.38,0.39,0.39,205376.2881330003,23453.1716,False
2026-06-12T11:39:29+00:00,group_winner,United States,0.375,0.37,0.38,0.37,126773.3668059986,102896.0308,False
2026-06-12T11:39:29+00:00,group_winner,Australia,0.094,0.093,0.095,0.093,57791.96223699989,67860.459,False
2026-06-12T11:39:29+00:00,group_winner,Curaçao,0.0045,0.004,0.005,0.004,43208.44067500004,46217.67806,False
2026-06-12T11:39:29+00:00,group_winner,Ecuador,0.215,0.21,0.22,0.22,47873.53850499997,66507.5923,False
2026-06-12T11:39:29+00:00,group_winner,Germany,0.665,0.66,0.67,0.67,144379.70883800014,39169.1492,False
2026-06-12T11:39:29+00:00,group_winner,Ivory Coast,0.128,0.124,0.132,0.124,45744.01340200001,69914.06859,False
2026-06-12T11:39:29+00:00,group_winner,Tunisia,0.0505,0.05,0.051,0.051,57781.87695899986,48905.00987,False
2026-06-12T11:39:29+00:00,group_winner,Japan,0.285,0.28,0.29,0.29,152890.27370499805,67402.4428,False
2026-06-12T11:39:29+00:00,group_winner,Netherlands,0.545,0.54,0.55,0.55,110907.30754399988,63587.4303,False
2026-06-12T11:39:29+00:00,group_winner,Sweden,0.145,0.14,0.15,0.14,63634.08151599988,32624.1048,False
2026-06-12T11:39:29+00:00,group_winner,New Zealand,0.038,0.036,0.04,0.04,28448.15951,87962.35764,False
2026-06-12T11:39:29+00:00,group_winner,Iran,0.1305,0.13,0.131,0.13,93708.35996800003,65939.81837,False
2026-06-12T11:39:29+00:00,group_winner,Egypt,0.155,0.15,0.16,0.16,35541.66948100006,51765.33,False
2026-06-12T11:39:29+00:00,group_winner,Belgium,0.695,0.69,0.7,0.69,102078.02187500008,42655.0388,False
2026-06-12T11:39:29+00:00,group_winner,Cape Verde,0.012,0.011,0.013,0.013,86704.74895,67622.3971,False
2026-06-12T11:39:29+00:00,group_winner,Uruguay,0.185,0.18,0.19,0.18,30022.94643400003,64109.4679,False
2026-06-12T11:39:29+00:00,group_winner,Spain,0.785,0.78,0.79,0.79,60782.85026899997,81116.0809,False
2026-06-12T11:39:29+00:00,group_winner,Saudi Arabia,0.016,0.013,0.019,0.013,127797.546388,111198.79156,False
2026-06-12T11:39:29+00:00,group_winner,Senegal,0.105,0.1,0.11,0.11,92029.11212500001,72038.3718,False
2026-06-12T11:39:29+00:00,group_winner,Norway,0.24,0.23,0.25,0.25,64059.87020599997,72157.6036,False
2026-06-12T11:39:29+00:00,group_winner,France,0.655,0.65,0.66,0.66,188194.3273739995,83589.1058,False
2026-06-12T11:39:29+00:00,group_winner,Iraq,0.007,0.006,0.008,0.006,101621.50103099996,139944.40042,False
2026-06-12T11:39:29+00:00,group_winner,Algeria,0.0955,0.095,0.096,0.095,54496.96309700004,74315.27196,False
2026-06-12T11:39:29+00:00,group_winner,Jordan,0.0165,0.014,0.019,0.019,29593.298368999982,69418.07265,False
2026-06-12T11:39:29+00:00,group_winner,Argentina,0.715,0.71,0.72,0.72,167122.13791999928,89995.0075,False
2026-06-12T11:39:29+00:00,group_winner,Austria,0.185,0.18,0.19,0.19,44101.40879300001,74015.2421,False
2026-06-12T11:39:29+00:00,group_winner,Colombia,0.325,0.32,0.33,0.32,47891.20744399997,63933.2484,False
2026-06-12T11:39:29+00:00,group_winner,DR Congo,0.041,0.04,0.042,0.042,38256.27295300003,58414.46195,False
2026-06-12T11:39:29+00:00,group_winner,Portugal,0.625,0.62,0.63,0.63,169952.72032599954,45408.8647,False
2026-06-12T11:39:29+00:00,group_winner,Uzbekistan,0.024,0.022,0.026,0.024,27506.181808000005,54407.64664,False
2026-06-12T11:39:29+00:00,group_winner,England,0.695,0.69,0.7,0.7,59974.847148999994,42169.2608,False
2026-06-12T11:39:29+00:00,group_winner,Ghana,0.0595,0.058,0.061,0.058,24499.20672700002,59264.72357,False
2026-06-12T11:39:29+00:00,group_winner,Croatia,0.215,0.21,0.22,0.22,26167.59132700003,66336.9284,False
2026-06-12T11:39:29+00:00,group_winner,Panama,0.0285,0.028,0.029,0.028,32387.052417,52973.36467,False
2026-06-12T12:01:34+00:00,advance,South Korea,0.94,0.93,0.95,0.95,14427.381183999996,4719.5761,False
2026-06-12T12:01:34+00:00,advance,Czech Republic,0.58,0.57,0.59,0.59,18922.094755,7120.9169,False
2026-06-12T12:01:34+00:00,advance,Switzerland,0.938,0.937,0.939,0.939,70497.21613399996,23167.376,False
2026-06-12T12:01:34+00:00,advance,Bosnia and Herzegovina,0.655,0.65,0.66,0.66,23354.71997,28357.553,False
2026-06-12T12:01:34+00:00,advance,Morocco,0.865,0.86,0.87,0.86,23109.741274000004,24912.5568,False
2026-06-12T12:01:34+00:00,advance,Haiti,0.135,0.13,0.14,0.14,74361.24613000006,37048.2394,False
2026-06-12T12:01:34+00:00,advance,Australia,0.42,0.41,0.43,0.43,26841.113209000025,22904.8432,False
2026-06-12T12:01:34+00:00,advance,Turkey,0.8,0.79,0.81,0.81,23051.895167000002,11355.9277,False
2026-06-12T12:01:34+00:00,advance,Ecuador,0.875,0.87,0.88,0.88,16069.09410200001,18962.0156,False
2026-06-12T12:01:34+00:00,advance,Curaçao,0.075,0.07,0.08,0.08,30495.776177999986,28436.9293,False
2026-06-12T12:01:34+00:00,advance,Japan,0.795,0.79,0.8,0.8,21570.240245000005,9259.7579,False
2026-06-12T12:01:34+00:00,advance,Sweden,0.625,0.62,0.63,0.63,20024.835178999998,21385.2644,False
2026-06-12T12:01:34+00:00,advance,Iran,0.623,0.618,0.628,0.628,14405.640139000003,15615.16984,False
2026-06-12T12:01:34+00:00,advance,New Zealand,0.305,0.3,0.31,0.32,71832.06245299992,25820.1997,False
2026-06-12T12:01:34+00:00,advance,Uruguay,0.89,0.88,0.9,0.89,14813.888405000005,13749.4762,False
2026-06-12T12:01:34+00:00,advance,Cape Verde,0.295,0.29,0.3,0.3,11395.539511000003,34901.553,False
2026-06-12T12:01:34+00:00,advance,Senegal,0.715,0.71,0.72,0.72,50526.329825999994,29241.8278,False
2026-06-12T12:01:34+00:00,advance,Iraq,0.135,0.13,0.14,0.14,180577.3332209999,34019.1854,False
2026-06-12T12:01:34+00:00,advance,Austria,0.795,0.78,0.81,0.81,23557.829501000007,6317.5728,False
2026-06-12T12:01:34+00:00,advance,Jordan,0.225,0.21,0.24,0.21,63462.35073200006,32089.6749,False
2026-06-12T12:01:34+00:00,advance,Colombia,0.895,0.89,0.9,0.89,19977.959730999995,22428.0789,False
2026-06-12T12:01:34+00:00,advance,Mexico,0.9715,0.97,0.973,0.973,34326.83891300001,22112.35909,False
2026-06-12T12:01:34+00:00,advance,South Africa,0.175,0.17,0.18,0.17,24316.609835999992,12934.7061,False
2026-06-12T12:01:34+00:00,advance,Canada,0.855,0.85,0.86,0.86,41220.84467499907,31380.7191,False
2026-06-12T12:01:34+00:00,advance,Qatar,0.205,0.2,0.21,0.2,63999.161238999965,37159.3889,False
2026-06-12T12:01:34+00:00,advance,Brazil,0.9665,0.964,0.969,0.969,39144.87441599998,30930.542,False
2026-06-12T12:01:34+00:00,advance,Scotland,0.695,0.69,0.7,0.7,50888.368677999955,17526.1158,False
2026-06-12T12:01:34+00:00,advance,United States,0.84,0.83,0.85,0.85,38870.829830000024,31059.3586,False
2026-06-12T12:01:34+00:00,advance,Paraguay,0.625,0.62,0.63,0.63,28597.516902000003,26284.208,False
2026-06-12T12:01:34+00:00,advance,Germany,0.959,0.955,0.963,0.964,20690.719589,11045.411,False
2026-06-12T12:01:34+00:00,advance,Ivory Coast,0.775,0.77,0.78,0.78,10562.543655999994,29401.9433,False
2026-06-12T12:01:34+00:00,advance,Netherlands,0.915,0.91,0.92,0.92,24764.365893000002,8894.5799,False
2026-06-12T12:01:34+00:00,advance,Tunisia,0.365,0.36,0.37,0.37,45419.331316000054,29169.2192,False
2026-06-12T12:01:34+00:00,advance,Belgium,0.9625,0.956,0.969,0.969,19711.830731999995,14544.96495,False
2026-06-12T12:01:34+00:00,advance,Egypt,0.715,0.71,0.72,0.72,6341.631969,29587.1165,False
2026-06-12T12:01:34+00:00,advance,Spain,0.9815,0.981,0.982,0.982,51109.42176900004,54671.21185,False
2026-06-12T12:01:34+00:00,advance,Saudi Arabia,0.345,0.34,0.35,0.35,94988.79590899998,36951.2651,False
2026-06-12T12:01:34+00:00,advance,France,0.9665,0.966,0.967,0.964,53935.10620300001,28574.11626,False
2026-06-12T12:01:34+00:00,advance,Norway,0.85,0.84,0.86,0.86,77689.9439549999,16222.1907,False
2026-06-12T12:01:34+00:00,advance,Argentina,0.9595,0.957,0.962,0.962,20240.633519999992,12786.5427,False
2026-06-12T12:01:34+00:00,advance,Algeria,0.655,0.65,0.66,0.66,13450.628283999997,29732.3047,False
2026-06-12T12:01:34+00:00,advance,Portugal,0.9625,0.962,0.963,0.962,26295.16236900003,16483.20719,False
2026-06-12T12:01:34+00:00,advance,Uzbekistan,0.315,0.31,0.32,0.32,22162.03714,30382.2472,False
2026-06-12T12:01:34+00:00,advance,England,0.9685,0.968,0.969,0.969,22113.487747,11695.73689,False
2026-06-12T12:01:34+00:00,advance,Panama,0.365,0.36,0.37,0.36,42340.22809600002,36701.5394,False
2026-06-12T12:01:34+00:00,advance,DR Congo,0.42,0.41,0.43,0.43,23975.009255999994,15505.8919,False
2026-06-12T12:01:34+00:00,advance,Croatia,0.825,0.82,0.83,0.82,50456.868261999996,17051.3133,False
2026-06-12T12:01:34+00:00,advance,Ghana,0.495,0.49,0.5,0.5,74964.68550299994,29295.4689,False
2026-06-12T12:01:34+00:00,outright,Spain,0.1695,0.169,0.17,0.17,40274373.32941639,6277534.45688,False
2026-06-12T12:01:34+00:00,outright,New Zealand,0.0005,,0.001,0.001,45666904.73264519,19543748.48198,False
2026-06-12T12:01:34+00:00,outright,Switzerland,0.0135,0.013,0.014,0.014,42309316.80296276,1982825.35232,False
2026-06-12T12:01:34+00:00,outright,England,0.1045,0.104,0.105,0.105,34800781.039411224,6943864.93753,False
2026-06-12T12:01:34+00:00,outright,France,0.1605,0.16,0.161,0.161,46430062.058191136,6690734.06453,False
2026-06-12T12:01:34+00:00,outright,South Korea,0.0045,0.004,0.005,0.005,61139161.6674828,3206698.10955,False
2026-06-12T12:01:34+00:00,outright,Haiti,0.0005,,0.001,0.001,32251394.821820088,19309271.3528,False
2026-06-12T12:01:34+00:00,outright,Brazil,0.0845,0.084,0.085,0.085,36473139.83703374,6543101.52264,False
2026-06-12T12:01:34+00:00,outright,Jordan,0.0005,,0.001,0.001,31863403.821882773,19345486.72753,False
2026-06-12T12:01:34+00:00,outright,Curaçao,0.0005,,0.001,0.001,42158912.22691622,18919567.69252,False
2026-06-12T12:01:34+00:00,outright,Argentina,0.0875,0.087,0.088,0.088,37323479.249196,6027597.30906,False
2026-06-12T12:01:34+00:00,outright,Germany,0.0515,0.051,0.052,0.052,39711173.562761985,2061576.05275,False
2026-06-12T12:01:34+00:00,outright,Colombia,0.0175,0.017,0.018,0.018,44797258.68473328,4200961.16239,False
2026-06-12T12:01:34+00:00,outright,Iran,0.0015,0.001,0.002,0.001,49044079.75778998,11012711.14554,False
2026-06-12T12:01:34+00:00,outright,Portugal,0.1085,0.108,0.109,0.108,42457693.08255598,5526905.35532,False
2026-06-12T12:01:34+00:00,outright,Ghana,0.0015,0.001,0.002,0.002,40398780.81544194,15052855.77685,False
2026-06-12T12:01:34+00:00,outright,Netherlands,0.0445,0.044,0.045,0.045,41965064.11070364,2569554.7215,False
2026-06-12T12:01:34+00:00,outright,Algeria,0.0015,0.001,0.002,0.002,47258581.67721553,10051230.46743,False
2026-06-12T12:01:34+00:00,outright,Bosnia and Herzegovina,0.0015,0.001,0.002,0.002,31306408.586717904,14216620.35951,False
2026-06-12T12:01:34+00:00,outright,United States,0.0115,0.011,0.012,0.012,58439951.16198026,6879426.11247,False
2026-06-12T12:01:34+00:00,outright,Canada,0.0035,0.003,0.004,0.003,47477296.374332115,8523855.97793,False
2026-06-12T12:01:34+00:00,outright,Turkey,0.0115,0.011,0.012,0.012,40733654.15254816,2938788.83483,False
2026-06-12T12:01:34+00:00,outright,Uruguay,0.0095,0.009,0.01,0.009,43995858.96243899,10135138.61383,False
2026-06-12T12:01:34+00:00,outright,Mexico,0.0145,0.014,0.015,0.014,49512637.2040233,1850692.04895,False
2026-06-12T12:01:34+00:00,outright,Paraguay,0.0015,0.001,0.002,0.002,48895645.56933261,3977221.63159,False
2026-06-12T12:01:34+00:00,outright,Scotland,0.0025,0.002,0.003,0.002,44925501.71782936,15219065.35826,False
2026-06-12T12:01:34+00:00,outright,Japan,0.0215,0.021,0.022,0.022,45433510.571767956,641134.24133,False
2026-06-12T12:01:34+00:00,outright,Norway,0.0245,0.024,0.025,0.024,42943019.06861688,1376437.61917,False
2026-06-12T12:01:34+00:00,outright,Tunisia,0.0005,,0.001,0.001,35854112.263686016,16389928.0622,False
2026-06-12T12:01:34+00:00,outright,Ecuador,0.0085,0.008,0.009,0.009,49410538.73836272,4318507.44119,False
2026-06-12T12:01:34+00:00,outright,Uzbekistan,0.0005,,0.001,0.001,60214272.13841757,13842061.48266,False
2026-06-12T12:01:34+00:00,outright,Morocco,0.0155,0.015,0.016,0.015,47045116.89571875,1889628.79417,False
2026-06-12T12:01:34+00:00,outright,Panama,0.0005,,0.001,0.001,19673909.555756878,19163132.02699,False
2026-06-12T12:01:34+00:00,outright,Iraq,0.0005,,0.001,0.001,29311705.602710936,19469728.5344,False
2026-06-12T12:01:34+00:00,outright,South Africa,0.0005,,0.001,0.001,38659894.00789427,12927805.90008,False
2026-06-12T12:01:34+00:00,outright,Senegal,0.0065,0.006,0.007,0.007,41277334.71389445,5638667.46615,False
2026-06-12T12:01:34+00:00,outright,Ivory Coast,0.0035,0.003,0.004,0.004,56640691.79011631,5112546.12552,False
2026-06-12T12:01:34+00:00,outright,DR Congo,0.0015,0.001,0.002,0.001,60157720.54240984,9650259.55492,False
2026-06-12T12:01:34+00:00,outright,Cape Verde,0.0005,,0.001,0.001,40440003.17716404,18686158.87704,False
2026-06-12T12:01:34+00:00,outright,Czech Republic,0.0015,0.001,0.002,0.001,45544209.35801603,11763521.94641,False
2026-06-12T12:01:34+00:00,outright,Qatar,0.0005,,0.001,0.001,42248929.66833187,18307807.63369,False
2026-06-12T12:01:34+00:00,outright,Belgium,0.0205,0.02,0.021,0.021,44575487.496879555,2317478.50766,False
2026-06-12T12:01:34+00:00,outright,Australia,0.0015,0.001,0.002,0.001,48236200.14656782,18435287.64551,False
2026-06-12T12:01:34+00:00,outright,Saudi Arabia,0.0005,,0.001,0.001,49166382.02288372,12682678.40118,False
2026-06-12T12:01:34+00:00,outright,Austria,0.0045,0.004,0.005,0.005,46787427.36030736,3666544.95998,False
2026-06-12T12:01:34+00:00,outright,Croatia,0.0085,0.008,0.009,0.008,48304170.49037027,3182195.97651,False
2026-06-12T12:01:34+00:00,outright,Egypt,0.0025,0.002,0.003,0.003,53772426.07236071,6963787.66302,False
2026-06-12T12:01:34+00:00,outright,Sweden,0.0035,0.003,0.004,0.004,34379104.601419196,9807069.76024,False
2026-06-12T12:01:34+00:00,group_winner,Mexico,0.625,0.62,0.63,0.63,351531.11415699945,101914.126,False
2026-06-12T12:01:34+00:00,group_winner,South Korea,0.345,0.34,0.35,0.35,119287.90444000013,81067.7375,False
2026-06-12T12:01:34+00:00,group_winner,South Africa,0.009,0.008,0.01,0.008,334694.59770600003,47363.74873,False
2026-06-12T12:01:34+00:00,group_winner,Czech Republic,0.0375,0.037,0.038,0.037,71323.21329100004,55618.14958,False
2026-06-12T12:01:34+00:00,group_winner,Canada,0.305,0.3,0.31,0.3,68114.02489099994,74359.0328,False
2026-06-12T12:01:34+00:00,group_winner,Qatar,0.0215,0.021,0.022,0.021,79222.416633,98835.97336,False
2026-06-12T12:01:34+00:00,group_winner,Bosnia and Herzegovina,0.125,0.12,0.13,0.12,100091.56092899996,86121.4324,False
2026-06-12T12:01:34+00:00,group_winner,Switzerland,0.565,0.56,0.57,0.57,149749.51822299973,91710.1496,False
2026-06-12T12:01:34+00:00,group_winner,Scotland,0.073,0.07,0.076,0.075,217814.18444599997,82073.99932,False
2026-06-12T12:01:34+00:00,group_winner,Brazil,0.715,0.71,0.72,0.73,153076.70570500055,68163.0303,False
2026-06-12T12:01:34+00:00,group_winner,Haiti,0.012,0.009,0.015,0.013,61593.20481600001,67897.95696,False
2026-06-12T12:01:34+00:00,group_winner,Morocco,0.215,0.21,0.22,0.22,151687.96856500034,55160.6261,False
2026-06-12T12:01:34+00:00,group_winner,Paraguay,0.165,0.16,0.17,0.17,80329.81011899991,56283.8827,False
2026-06-12T12:01:34+00:00,group_winner,Turkey,0.385,0.38,0.39,0.39,205376.2881330003,36939.5754,False
2026-06-12T12:01:34+00:00,group_winner,United States,0.375,0.37,0.38,0.38,126846.42838299858,98417.8273,False
2026-06-12T12:01:34+00:00,group_winner,Australia,0.094,0.093,0.095,0.093,57796.12579599989,71652.58436,False
2026-06-12T12:01:34+00:00,group_winner,Curaçao,0.0045,0.004,0.005,0.004,43208.44067500004,45461.38037,False
2026-06-12T12:01:34+00:00,group_winner,Ecuador,0.215,0.21,0.22,0.22,47888.53850499997,70639.9136,False
2026-06-12T12:01:34+00:00,group_winner,Germany,0.665,0.66,0.67,0.67,144379.70883800014,48119.7435,False
2026-06-12T12:01:34+00:00,group_winner,Ivory Coast,0.128,0.124,0.132,0.124,45744.01340200001,69950.26282,False
2026-06-12T12:01:34+00:00,group_winner,Tunisia,0.0505,0.05,0.051,0.051,57783.09800999986,50244.89466,False
2026-06-12T12:01:34+00:00,group_winner,Japan,0.285,0.28,0.29,0.29,152891.66258999804,70804.9591,False
2026-06-12T12:01:34+00:00,group_winner,Netherlands,0.545,0.54,0.55,0.55,111350.57754399988,68415.9742,False
2026-06-12T12:01:34+00:00,group_winner,Sweden,0.145,0.14,0.15,0.14,63634.08151599988,32723.2823,False
2026-06-12T12:01:34+00:00,group_winner,New Zealand,0.0375,0.035,0.04,0.04,28497.707965,87574.18132,False
2026-06-12T12:01:34+00:00,group_winner,Iran,0.1305,0.13,0.131,0.13,93735.25134400005,65112.76003,False
2026-06-12T12:01:34+00:00,group_winner,Egypt,0.155,0.15,0.16,0.16,35604.079481000066,44298.5085,False
2026-06-12T12:01:34+00:00,group_winner,Belgium,0.695,0.69,0.7,0.7,102139.95274500008,53241.5338,False
2026-06-12T12:01:34+00:00,group_winner,Cape Verde,0.012,0.011,0.013,0.013,86799.79895,67489.96865,False
2026-06-12T12:01:34+00:00,group_winner,Uruguay,0.185,0.18,0.19,0.19,30028.20959000003,75447.0438,False
2026-06-12T12:01:34+00:00,group_winner,Spain,0.785,0.78,0.79,0.79,60782.85026899997,69830.7429,False
2026-06-12T12:01:34+00:00,group_winner,Saudi Arabia,0.016,0.013,0.019,0.013,127797.546388,111388.84783,False
2026-06-12T12:01:34+00:00,group_winner,Senegal,0.105,0.1,0.11,0.11,92029.11212500001,70719.6133,False
2026-06-12T12:01:34+00:00,group_winner,Norway,0.24,0.23,0.25,0.25,64059.87020599997,72083.1398,False
2026-06-12T12:01:34+00:00,group_winner,France,0.655,0.65,0.66,0.66,188201.9031289995,84736.6249,False
2026-06-12T12:01:34+00:00,group_winner,Iraq,0.007,0.006,0.008,0.006,101621.50103099996,140341.19142,False
2026-06-12T12:01:34+00:00,group_winner,Algeria,0.0955,0.095,0.096,0.095,54496.96309700004,74212.23691,False
2026-06-12T12:01:34+00:00,group_winner,Jordan,0.0165,0.014,0.019,0.019,29593.298368999982,69260.204,False
2026-06-12T12:01:34+00:00,group_winner,Argentina,0.715,0.71,0.72,0.71,167174.24846999926,82300.9448,False
2026-06-12T12:01:34+00:00,group_winner,Austria,0.185,0.18,0.19,0.19,44210.93879300001,73831.5968,False
2026-06-12T12:01:34+00:00,group_winner,Colombia,0.325,0.32,0.33,0.32,47891.20744399997,66234.5898,False
2026-06-12T12:01:34+00:00,group_winner,DR Congo,0.041,0.04,0.042,0.042,38288.572953000024,58215.51255,False
2026-06-12T12:01:34+00:00,group_winner,Portugal,0.625,0.62,0.63,0.63,169952.72032599954,47537.815,False
2026-06-12T12:01:34+00:00,group_winner,Uzbekistan,0.024,0.022,0.026,0.024,27506.181808000005,54325.71933,False
2026-06-12T12:01:34+00:00,group_winner,England,0.695,0.69,0.7,0.7,59974.847148999994,44030.593,False
2026-06-12T12:01:34+00:00,group_winner,Ghana,0.0595,0.058,0.061,0.058,24499.20672700002,49391.88588,False
2026-06-12T12:01:34+00:00,group_winner,Croatia,0.215,0.21,0.22,0.22,26167.59132700003,69543.0298,False
2026-06-12T12:01:34+00:00,group_winner,Panama,0.0285,0.028,0.029,0.028,32387.052417,53269.21619,False
2026-06-13T04:41:58+00:00,advance,South Korea,0.945,0.94,0.95,0.96,15573.096661000001,13562.0434,False
2026-06-13T04:41:58+00:00,advance,Czech Republic,0.555,0.55,0.56,0.56,19921.743775,14385.3889,False
2026-06-13T04:41:58+00:00,advance,Switzerland,0.932,0.929,0.935,0.936,72661.06639699996,19755.16655,False
2026-06-13T04:41:58+00:00,advance,Bosnia and Herzegovina,0.675,0.67,0.68,0.66,51562.56170100001,10313.3079,False
2026-06-13T04:41:58+00:00,advance,Morocco,0.86,0.85,0.87,0.87,23526.577212999997,23489.9068,False
2026-06-13T04:41:58+00:00,advance,Haiti,0.135,0.13,0.14,0.14,76990.46952600004,42295.5243,False
2026-06-13T04:41:58+00:00,advance,Australia,0.435,0.43,0.44,0.44,27900.747486000033,8312.9031,False
2026-06-13T04:41:58+00:00,advance,Turkey,0.795,0.79,0.8,0.79,23446.338622000007,6107.0864,False
2026-06-13T04:41:58+00:00,advance,Ecuador,0.875,0.87,0.88,0.88,16781.15909300001,16649.4738,False
2026-06-13T04:41:58+00:00,advance,Curaçao,0.075,0.07,0.08,0.08,32923.127038,29476.531,False
2026-06-13T04:41:58+00:00,advance,Japan,0.805,0.8,0.81,0.8,22807.778253000008,10357.3281,False
2026-06-13T04:41:58+00:00,advance,Sweden,0.625,0.62,0.63,0.63,20552.731215999993,42816.8664,False
2026-06-13T04:41:58+00:00,advance,Iran,0.6225,0.616,0.629,0.629,15143.622691000002,16870.24464,False
2026-06-13T04:41:58+00:00,advance,New Zealand,0.31,0.3,0.32,0.3,74103.81345699992,27559.4658,False
2026-06-13T04:41:58+00:00,advance,Uruguay,0.895,0.89,0.9,0.91,14895.030145000006,15611.4619,False
2026-06-13T04:41:58+00:00,advance,Cape Verde,0.3,0.29,0.31,0.3,12211.167338000005,35035.095,False
2026-06-13T04:41:58+00:00,advance,Senegal,0.715,0.71,0.72,0.72,50705.774676,29720.7071,False
2026-06-13T04:41:58+00:00,advance,Iraq,0.14,0.13,0.15,0.13,181572.30601999987,30974.9535,False
2026-06-13T04:41:58+00:00,advance,Austria,0.795,0.79,0.8,0.8,23967.72497900001,7390.7645,False
2026-06-13T04:41:58+00:00,advance,Jordan,0.22,0.21,0.23,0.21,68139.65615400005,24633.0958,False
2026-06-13T04:41:58+00:00,advance,Colombia,0.91,0.9,0.92,0.92,20686.653675999998,23458.9783,False
2026-06-13T04:41:58+00:00,advance,Mexico,0.9805,0.98,0.981,0.987,61621.806223000014,39810.38183,False
2026-06-13T04:41:58+00:00,advance,South Africa,0.185,0.18,0.19,0.18,25380.107066000022,13791.8822,False
2026-06-13T04:41:58+00:00,advance,Canada,0.855,0.85,0.86,0.85,43930.494940999095,7929.9838,False
2026-06-13T04:41:58+00:00,advance,Qatar,0.175,0.17,0.18,0.18,78148.41232899996,29023.4496,False
2026-06-13T04:41:58+00:00,advance,Brazil,0.9765,0.971,0.982,0.984,46554.486651999985,24974.75685,False
2026-06-13T04:41:58+00:00,advance,Scotland,0.695,0.69,0.7,0.7,51494.622454999946,18519.3309,False
2026-06-13T04:41:58+00:00,advance,United States,0.965,0.958,0.972,0.947,55549.12409400002,25310.9511,False
2026-06-13T04:41:58+00:00,advance,Paraguay,0.395,0.39,0.4,0.39,39626.740551999996,8894.3633,False
2026-06-13T04:41:58+00:00,advance,Germany,0.9695,0.969,0.97,0.97,24235.703333999994,14346.00771,False
2026-06-13T04:41:58+00:00,advance,Ivory Coast,0.775,0.77,0.78,0.78,11888.280422999944,39646.1193,False
2026-06-13T04:41:58+00:00,advance,Netherlands,0.91,0.9,0.92,0.92,26189.225683000004,11792.2041,False
2026-06-13T04:41:58+00:00,advance,Tunisia,0.365,0.36,0.37,0.38,46874.45072100006,19014.8463,False
2026-06-13T04:41:58+00:00,advance,Belgium,0.9595,0.955,0.964,0.969,19744.716883999998,15772.81924,False
2026-06-13T04:41:58+00:00,advance,Egypt,0.715,0.71,0.72,0.72,6390.243075,30724.5465,False
2026-06-13T04:41:58+00:00,advance,Spain,0.9835,0.981,0.986,0.987,52897.23822200005,53592.62448,False
2026-06-13T04:41:58+00:00,advance,Saudi Arabia,0.345,0.34,0.35,0.35,95401.37780399999,41911.8078,False
2026-06-13T04:41:58+00:00,advance,France,0.969,0.968,0.97,0.97,57928.51570800002,30323.79893,False
2026-06-13T04:41:58+00:00,advance,Norway,0.855,0.85,0.86,0.85,83074.60387099988,18057.9115,False
2026-06-13T04:41:58+00:00,advance,Argentina,0.9645,0.964,0.965,0.965,20824.53350999999,13867.57655,False
2026-06-13T04:41:58+00:00,advance,Algeria,0.67,0.66,0.68,0.68,27814.664117,23598.2775,False
2026-06-13T04:41:58+00:00,advance,Portugal,0.9545,0.95,0.959,0.966,27921.08912700003,16524.13415,False
2026-06-13T04:41:58+00:00,advance,Uzbekistan,0.315,0.31,0.32,0.32,22377.595398,26959.8049,False
2026-06-13T04:41:58+00:00,advance,England,0.9585,0.957,0.96,0.96,27334.058704000006,12827.46502,False
2026-06-13T04:41:58+00:00,advance,Panama,0.365,0.36,0.37,0.37,52297.078263000025,36456.7706,False
2026-06-13T04:41:58+00:00,advance,DR Congo,0.42,0.41,0.43,0.43,24401.276127999998,13653.7385,False
2026-06-13T04:41:58+00:00,advance,Croatia,0.825,0.82,0.83,0.83,51427.999467999995,15583.1811,False
2026-06-13T04:41:58+00:00,advance,Ghana,0.495,0.49,0.5,0.49,75633.28255399993,27315.7949,False
2026-06-13T04:41:58+00:00,group_winner,Mexico,0.625,0.62,0.63,0.63,364798.7696119994,169190.7792,False
2026-06-13T04:41:58+00:00,group_winner,South Korea,0.335,0.33,0.34,0.34,128649.7843200001,416680.5339,False
2026-06-13T04:41:58+00:00,group_winner,South Africa,0.0085,0.008,0.009,0.009,340659.2987119998,54959.5671,False
2026-06-13T04:41:58+00:00,group_winner,Czech Republic,0.0325,0.032,0.033,0.034,74498.415209,46703.72995,False
2026-06-13T04:41:58+00:00,group_winner,Canada,0.275,0.27,0.28,0.27,84552.14675499986,71830.5972,False
2026-06-13T04:41:58+00:00,group_winner,Qatar,0.021,0.02,0.022,0.021,83206.25796099998,87796.90882,False
2026-06-13T04:41:58+00:00,group_winner,Bosnia and Herzegovina,0.125,0.12,0.13,0.13,128226.20719199997,50581.4591,False
2026-06-13T04:41:58+00:00,group_winner,Switzerland,0.595,0.59,0.6,0.6,231207.04134799895,129090.9971,False
2026-06-13T04:41:58+00:00,group_winner,Scotland,0.0705,0.07,0.071,0.072,225950.92209199996,82812.37369,False
2026-06-13T04:41:58+00:00,group_winner,Brazil,0.715,0.71,0.72,0.72,159003.73613800053,77298.9904,False
2026-06-13T04:41:58+00:00,group_winner,Haiti,0.01,0.006,0.014,0.014,63602.043692000014,72853.08262,False
2026-06-13T04:41:58+00:00,group_winner,Morocco,0.205,0.2,0.21,0.21,154763.87455000068,63264.3754,False
2026-06-13T04:41:58+00:00,group_winner,Curaçao,0.0025,0.002,0.003,0.006,47537.451991000045,44081.19769,False
2026-06-13T04:41:58+00:00,group_winner,Ecuador,0.215,0.21,0.22,0.22,56497.758056999985,60013.2472,False
2026-06-13T04:41:58+00:00,group_winner,Germany,0.675,0.67,0.68,0.68,170877.73857500023,37159.8719,False
2026-06-13T04:41:58+00:00,group_winner,Ivory Coast,0.1265,0.124,0.129,0.128,47803.418491000026,62647.09685,False
2026-06-13T04:41:58+00:00,group_winner,Tunisia,0.043,0.042,0.044,0.044,58993.59750399987,68246.08273,False
2026-06-13T04:41:58+00:00,group_winner,Japan,0.28,0.27,0.29,0.27,157682.48076699793,85625.9988,False
2026-06-13T04:41:58+00:00,group_winner,Netherlands,0.535,0.53,0.54,0.54,128749.09311199997,96848.2752,False
2026-06-13T04:41:58+00:00,group_winner,Sweden,0.145,0.14,0.15,0.14,63708.14986399989,56280.77,False
2026-06-13T04:41:58+00:00,group_winner,New Zealand,0.03,0.028,0.032,0.032,37240.81071100004,72481.53143,False
2026-06-13T04:41:58+00:00,group_winner,Iran,0.115,0.111,0.119,0.119,99890.74594100002,92185.05986,False
2026-06-13T04:41:58+00:00,group_winner,Egypt,0.165,0.16,0.17,0.17,38446.875009,37455.1646,False
2026-06-13T04:41:58+00:00,group_winner,Belgium,0.695,0.69,0.7,0.7,106822.63490100007,53030.6869,False
2026-06-13T04:41:58+00:00,group_winner,Cape Verde,0.0105,0.01,0.011,0.011,87877.81670299996,65937.64359,False
2026-06-13T04:41:58+00:00,group_winner,Uruguay,0.195,0.19,0.2,0.2,30994.71580400003,81520.9374,False
2026-06-13T04:41:58+00:00,group_winner,Spain,0.79,0.78,0.8,0.8,65708.29037399996,80464.2261,False
2026-06-13T04:41:58+00:00,group_winner,Saudi Arabia,0.0135,0.013,0.014,0.013,128552.58282499999,99501.29124,False
2026-06-13T04:41:58+00:00,group_winner,Senegal,0.115,0.11,0.12,0.11,92883.910185,79703.2603,False
2026-06-13T04:41:58+00:00,group_winner,Norway,0.245,0.24,0.25,0.24,65890.66651399995,85128.4185,False
2026-06-13T04:41:58+00:00,group_winner,France,0.655,0.65,0.66,0.66,194681.30814899947,81943.657,False
2026-06-13T04:41:58+00:00,group_winner,Iraq,0.0075,0.006,0.009,0.008,101892.02809599994,133156.28478,False
2026-06-13T04:41:58+00:00,group_winner,Algeria,0.0845,0.084,0.085,0.085,58910.41917400005,70422.72685,False
2026-06-13T04:41:58+00:00,group_winner,Jordan,0.015,0.013,0.017,0.017,30173.766652999984,71278.17851,False
2026-06-13T04:41:58+00:00,group_winner,Argentina,0.715,0.71,0.72,0.72,173081.3233389993,105581.3446,False
2026-06-13T04:41:58+00:00,group_winner,Austria,0.195,0.19,0.2,0.2,53633.63668400001,68580.9415,False
2026-06-13T04:41:58+00:00,group_winner,Colombia,0.325,0.32,0.33,0.33,52641.29213599994,60510.7231,False
2026-06-13T04:41:58+00:00,group_winner,DR Congo,0.0325,0.031,0.034,0.041,40511.63697400001,48672.86952,False
2026-06-13T04:41:58+00:00,group_winner,Portugal,0.635,0.63,0.64,0.64,177749.1485949995,46869.5704,False
2026-06-13T04:41:58+00:00,group_winner,Uzbekistan,0.0225,0.022,0.023,0.022,29899.47533600001,42145.7706,False
2026-06-13T04:41:58+00:00,group_winner,England,0.7,0.69,0.71,0.71,62739.80337,60954.004,False
2026-06-13T04:41:58+00:00,group_winner,Ghana,0.048,0.046,0.05,0.061,28209.10120200002,50901.9538,False
2026-06-13T04:41:58+00:00,group_winner,Croatia,0.235,0.23,0.24,0.23,33677.560050000044,55814.5916,False
2026-06-13T04:41:58+00:00,group_winner,Panama,0.0285,0.028,0.029,0.028,33768.350055999996,65203.79309,False
2026-06-13T11:24:17+00:00,advance,South Korea,0.945,0.94,0.95,0.94,16315.939781000003,14350.9236,False
2026-06-13T11:24:17+00:00,advance,Czech Republic,0.555,0.55,0.56,0.56,20149.710592,11499.6482,False
2026-06-13T11:24:17+00:00,advance,Switzerland,0.9365,0.936,0.937,0.935,72941.30617899995,21672.42936,False
2026-06-13T11:24:17+00:00,advance,Bosnia and Herzegovina,0.695,0.69,0.7,0.69,56300.59261000001,10765.0487,False
2026-06-13T11:24:17+00:00,advance,Morocco,0.845,0.84,0.85,0.85,23922.884873999996,23350.5445,False
2026-06-13T11:24:17+00:00,advance,Haiti,0.135,0.13,0.14,0.14,78372.39809500006,26838.3686,False
2026-06-13T11:24:17+00:00,advance,Australia,0.425,0.42,0.43,0.43,30871.418234000037,18713.6357,False
2026-06-13T11:24:17+00:00,advance,Turkey,0.805,0.8,0.81,0.81,23590.52774800001,7515.9174,False
2026-06-13T11:24:17+00:00,advance,Ecuador,0.875,0.87,0.88,0.88,16825.56816700001,16285.7864,False
2026-06-13T11:24:17+00:00,advance,Curaçao,0.075,0.07,0.08,0.08,33333.528751,27008.8976,False
2026-06-13T11:24:17+00:00,advance,Japan,0.805,0.8,0.81,0.81,23606.406881000014,12446.6095,False
2026-06-13T11:24:17+00:00,advance,Sweden,0.625,0.62,0.63,0.63,21758.682273999995,42133.4664,False
2026-06-13T11:24:17+00:00,advance,Iran,0.6265,0.617,0.636,0.631,15550.035545000002,15997.13926,False
2026-06-13T11:24:17+00:00,advance,New Zealand,0.32,0.31,0.33,0.33,74333.51139299994,27780.4588,False
2026-06-13T11:24:17+00:00,advance,Uruguay,0.9,0.89,0.91,0.91,14909.392778000009,14122.5141,False
2026-06-13T11:24:17+00:00,advance,Cape Verde,0.295,0.29,0.3,0.3,12500.096912000005,36795.8677,False
2026-06-13T11:24:17+00:00,advance,Senegal,0.715,0.71,0.72,0.72,50731.052446,30091.0654,False
2026-06-13T11:24:17+00:00,advance,Iraq,0.14,0.13,0.15,0.15,181598.97268499987,43071.4359,False
2026-06-13T11:24:17+00:00,advance,Austria,0.785,0.78,0.79,0.79,25177.22497600001,7863.7409,False
2026-06-13T11:24:17+00:00,advance,Jordan,0.225,0.22,0.23,0.23,68239.04745400007,28812.7592,False
2026-06-13T11:24:17+00:00,advance,Colombia,0.915,0.91,0.92,0.92,20698.827576,23080.16,False
2026-06-13T11:24:17+00:00,advance,Mexico,0.983,0.982,0.984,0.985,61896.96746700002,35601.43217,False
2026-06-13T11:24:17+00:00,advance,South Africa,0.175,0.17,0.18,0.18,25933.54079700002,15589.1471,False
2026-06-13T11:24:17+00:00,advance,Canada,0.85,0.84,0.86,0.85,45328.1054339991,7626.7969,False
2026-06-13T11:24:17+00:00,advance,Qatar,0.19,0.18,0.2,0.19,85344.07442399996,31672.4597,False
2026-06-13T11:24:17+00:00,advance,Brazil,0.972,0.965,0.979,0.979,46890.47106099999,22732.02122,False
2026-06-13T11:24:17+00:00,advance,Scotland,0.7,0.69,0.71,0.69,52960.744979999945,19700.1992,False
2026-06-13T11:24:17+00:00,advance,United States,0.9795,0.977,0.982,0.98,58625.48917800003,27251.6232,False
2026-06-13T11:24:17+00:00,advance,Paraguay,0.385,0.38,0.39,0.4,41854.16599,7586.1797,False
2026-06-13T11:24:17+00:00,advance,Germany,0.9685,0.967,0.97,0.97,24513.271921,13291.19039,False
2026-06-13T11:24:17+00:00,advance,Ivory Coast,0.775,0.77,0.78,0.78,11904.779862999943,37939.1513,False
2026-06-13T11:24:17+00:00,advance,Netherlands,0.91,0.9,0.92,0.92,26191.399583000006,11778.352,False
2026-06-13T11:24:17+00:00,advance,Tunisia,0.35,0.34,0.36,0.36,47005.51572100006,20233.3026,False
2026-06-13T11:24:17+00:00,advance,Belgium,0.9595,0.955,0.964,0.964,19902.818215,15898.0721,False
2026-06-13T11:24:17+00:00,advance,Egypt,0.715,0.71,0.72,0.72,6401.631960000001,23906.0882,False
2026-06-13T11:24:17+00:00,advance,Spain,0.9835,0.981,0.986,0.986,53470.13272100005,49935.08236,False
2026-06-13T11:24:17+00:00,advance,Saudi Arabia,0.345,0.34,0.35,0.34,96728.64923099997,36521.6263,False
2026-06-13T11:24:17+00:00,advance,France,0.9645,0.96,0.969,0.968,58530.26831800001,26380.74794,False
2026-06-13T11:24:17+00:00,advance,Norway,0.855,0.85,0.86,0.86,83088.18526099988,43695.0053,False
2026-06-13T11:24:17+00:00,advance,Argentina,0.964,0.96,0.968,0.968,22050.009682999986,13117.29001,False
2026-06-13T11:24:17+00:00,advance,Algeria,0.67,0.66,0.68,0.68,27928.855285,22028.2612,False
2026-06-13T11:24:17+00:00,advance,Portugal,0.96,0.957,0.963,0.959,28147.261856000034,15556.93959,False
2026-06-13T11:24:17+00:00,advance,Uzbekistan,0.315,0.31,0.32,0.32,22477.595398,34734.7685,False
2026-06-13T11:24:17+00:00,advance,England,0.956,0.953,0.959,0.959,28054.444313000007,11949.90101,False
2026-06-13T11:24:17+00:00,advance,Panama,0.365,0.36,0.37,0.37,52451.87467000004,30596.2971,False
2026-06-13T11:24:17+00:00,advance,DR Congo,0.42,0.41,0.43,0.41,24495.665956999997,12986.9436,False
2026-06-13T11:24:17+00:00,advance,Croatia,0.82,0.81,0.83,0.83,52392.28798799999,15402.8989,False
2026-06-13T11:24:17+00:00,advance,Ghana,0.495,0.48,0.51,0.5,75985.04705799994,25927.8159,False
2026-06-13T11:24:17+00:00,outright,Spain,0.1675,0.167,0.168,0.168,42178257.765216395,6457671.20687,False
2026-06-13T11:24:17+00:00,outright,New Zealand,0.0005,,0.001,0.001,45876724.73264519,20465087.52933,False
2026-06-13T11:24:17+00:00,outright,Switzerland,0.0135,0.013,0.014,0.014,43727276.54092027,2605498.5465,False
2026-06-13T11:24:17+00:00,outright,England,0.0965,0.096,0.097,0.097,36135279.57354151,7327298.58409,False
2026-06-13T11:24:17+00:00,outright,France,0.1605,0.16,0.161,0.16,48649695.97586641,5952289.87589,False
2026-06-13T11:24:17+00:00,outright,South Korea,0.0045,0.004,0.005,0.005,62498728.999232754,3762151.91242,False
2026-06-13T11:24:17+00:00,outright,Haiti,0.0005,,0.001,0.001,32445217.94182009,20231024.34553,False
2026-06-13T11:24:17+00:00,outright,Brazil,0.0835,0.083,0.084,0.084,37664008.19627918,6849570.209,False
2026-06-13T11:24:17+00:00,outright,Jordan,0.0005,,0.001,0.001,32096440.791882772,20154069.82641,False
2026-06-13T11:24:17+00:00,outright,Curaçao,0.0005,,0.001,0.001,42692692.22691622,19392012.39833,False
2026-06-13T11:24:17+00:00,outright,Argentina,0.0785,0.078,0.079,0.079,39285275.04393974,6381944.24672,False
2026-06-13T11:24:17+00:00,outright,Germany,0.0515,0.051,0.052,0.052,40520253.759147294,2832659.74622,False
2026-06-13T11:24:17+00:00,outright,Colombia,0.0165,0.016,0.017,0.017,46355921.40195129,4073171.09848,False
2026-06-13T11:24:17+00:00,outright,Iran,0.0015,0.001,0.002,0.002,50127610.80578993,10196351.4272,False
2026-06-13T11:24:17+00:00,outright,Portugal,0.1055,0.105,0.106,0.106,43994587.6431463,5807116.74445,False
2026-06-13T11:24:17+00:00,outright,Ghana,0.0015,0.001,0.002,0.002,41356237.72644196,15624692.91275,False
2026-06-13T11:24:17+00:00,outright,Netherlands,0.0485,0.048,0.049,0.049,44073775.6011112,2463758.49066,False
2026-06-13T11:24:17+00:00,outright,Algeria,0.0015,0.001,0.002,0.001,48666329.34321556,11661635.64374,False
2026-06-13T11:24:17+00:00,outright,Bosnia and Herzegovina,0.0015,0.001,0.002,0.002,35914647.74471788,9903080.36592,False
2026-06-13T11:24:17+00:00,outright,United States,0.0195,0.019,0.02,0.02,66303284.80363342,3909890.08116,False
2026-06-13T11:24:17+00:00,outright,Canada,0.0025,0.002,0.003,0.002,49817256.58414409,7207826.6167,False
2026-06-13T11:24:17+00:00,outright,Turkey,0.013,0.012,0.014,0.014,42683347.48712009,3014337.17975,False
2026-06-13T11:24:17+00:00,outright,Uruguay,0.0095,0.009,0.01,0.01,46690404.91818896,9732067.4966,False
2026-06-13T11:24:17+00:00,outright,Mexico,0.0135,0.013,0.014,0.014,51495991.05793644,2027568.1506,False
2026-06-13T11:24:17+00:00,outright,Paraguay,0.0015,0.001,0.002,0.001,55713698.444987565,5253381.32233,False
2026-06-13T11:24:17+00:00,outright,Scotland,0.0025,0.002,0.003,0.003,46632761.68097627,14810109.90021,False
2026-06-13T11:24:17+00:00,outright,Japan,0.0195,0.019,0.02,0.021,46749157.87627807,943136.4678,False
2026-06-13T11:24:17+00:00,outright,Norway,0.0255,0.025,0.026,0.026,44140039.64189285,1630054.32884,False
2026-06-13T11:24:17+00:00,outright,Tunisia,0.0005,,0.001,0.001,35930342.263686016,17323065.2914,False
2026-06-13T11:24:17+00:00,outright,Ecuador,0.0085,0.008,0.009,0.009,51331849.18499466,5017627.51579,False
2026-06-13T11:24:17+00:00,outright,Uzbekistan,0.0005,,0.001,0.001,60375272.13841757,14702901.27687,False
2026-06-13T11:24:17+00:00,outright,Morocco,0.0145,0.014,0.015,0.015,49066192.15819888,1476127.45766,False
2026-06-13T11:24:17+00:00,outright,Panama,0.0005,,0.001,0.001,19720159.555756878,20138644.54312,False
2026-06-13T11:24:17+00:00,outright,Iraq,0.0005,,0.001,0.001,29534505.602710936,20349082.40873,False
2026-06-13T11:24:17+00:00,outright,South Africa,0.0005,,0.001,0.001,38743874.00789427,16403558.80409,False
2026-06-13T11:24:17+00:00,outright,Senegal,0.0065,0.006,0.007,0.007,42047722.6973815,6320371.63045,False
2026-06-13T11:24:17+00:00,outright,Ivory Coast,0.0035,0.003,0.004,0.004,57608780.42011031,5589671.64776,False
2026-06-13T11:24:17+00:00,outright,DR Congo,0.0015,0.001,0.002,0.002,61132723.97940981,14549962.81703,False
2026-06-13T11:24:17+00:00,outright,Cape Verde,0.0005,,0.001,0.001,40644644.697164044,19534232.44145,False
2026-06-13T11:24:17+00:00,outright,Czech Republic,0.0015,0.001,0.002,0.002,46830546.64501591,12661320.90911,False
2026-06-13T11:24:17+00:00,outright,Qatar,0.0005,,0.001,0.001,42351929.66833187,19379963.25635,False
2026-06-13T11:24:17+00:00,outright,Belgium,0.0205,0.02,0.021,0.021,46356579.85144368,2617657.74487,False
2026-06-13T11:24:17+00:00,outright,Australia,0.0015,0.001,0.002,0.002,50411591.30756776,17521950.93333,False
2026-06-13T11:24:17+00:00,outright,Saudi Arabia,0.0005,,0.001,0.001,49429483.02288372,13576300.28754,False
2026-06-13T11:24:17+00:00,outright,Austria,0.0045,0.004,0.005,0.005,47612954.794807345,4158241.84816,False
2026-06-13T11:24:17+00:00,outright,Croatia,0.0085,0.008,0.009,0.009,50688689.03688631,2772477.34596,False
2026-06-13T11:24:17+00:00,outright,Egypt,0.0015,0.001,0.002,0.002,55220012.66435966,8000414.17363,False
2026-06-13T11:24:17+00:00,outright,Sweden,0.0035,0.003,0.004,0.004,35950158.73307915,10041998.07812,False
2026-06-13T11:24:17+00:00,group_winner,Mexico,0.625,0.62,0.63,0.63,371523.2259379994,168761.5347,False
2026-06-13T11:24:17+00:00,group_winner,South Korea,0.335,0.33,0.34,0.34,139057.78547300014,425993.9872,False
2026-06-13T11:24:17+00:00,group_winner,South Africa,0.0075,0.006,0.009,0.006,345419.0748579998,60769.66032,False
2026-06-13T11:24:17+00:00,group_winner,Czech Republic,0.0325,0.032,0.033,0.032,74650.780357,40363.58831,False
2026-06-13T11:24:17+00:00,group_winner,Canada,0.265,0.26,0.27,0.27,85777.81717999987,66995.7552,False
2026-06-13T11:24:17+00:00,group_winner,Qatar,0.0215,0.02,0.023,0.022,84334.13028299998,63901.19325,False
2026-06-13T11:24:17+00:00,group_winner,Bosnia and Herzegovina,0.125,0.12,0.13,0.12,128649.37221399999,55110.5446,False
2026-06-13T11:24:17+00:00,group_winner,Switzerland,0.595,0.59,0.6,0.6,252739.56465399908,119137.5688,False
2026-06-13T11:24:17+00:00,group_winner,Scotland,0.0805,0.078,0.083,0.082,226865.08865299996,74972.31741,False
2026-06-13T11:24:17+00:00,group_winner,Brazil,0.715,0.71,0.72,0.72,159903.11829900058,71769.2495,False
2026-06-13T11:24:17+00:00,group_winner,Haiti,0.0115,0.007,0.016,0.015,64383.42952500002,52797.11249,False
2026-06-13T11:24:17+00:00,group_winner,Morocco,0.205,0.2,0.21,0.21,154938.90502000067,65068.7166,False
2026-06-13T11:24:17+00:00,group_winner,Paraguay,0.0275,0.025,0.03,0.028,161643.0437709999,41408.97001,False
2026-06-13T11:24:17+00:00,group_winner,Turkey,0.335,0.33,0.34,0.34,252285.69586500007,44577.0384,False
2026-06-13T11:24:17+00:00,group_winner,United States,0.615,0.61,0.62,0.61,224442.7070929981,41970.3129,False
2026-06-13T11:24:17+00:00,group_winner,Australia,0.04,0.039,0.041,0.042,72141.60237699984,37012.06942,False
2026-06-13T11:24:17+00:00,group_winner,Curaçao,0.0015,0.001,0.002,0.001,48754.14100500004,21320.65128,False
2026-06-13T11:24:17+00:00,group_winner,Ecuador,0.235,0.23,0.24,0.23,66362.53136999998,29496.8236,False
2026-06-13T11:24:17+00:00,group_winner,Germany,0.655,0.65,0.66,0.65,173427.7935830003,32661.5251,False
2026-06-13T11:24:17+00:00,group_winner,Ivory Coast,0.1235,0.121,0.126,0.129,50717.362424000035,52524.01159,False
2026-06-13T11:24:17+00:00,group_winner,Tunisia,0.043,0.042,0.044,0.044,59672.84490799987,43137.337,False
2026-06-13T11:24:17+00:00,group_winner,Japan,0.28,0.27,0.29,0.29,159326.49395399788,69528.5445,False
2026-06-13T11:24:17+00:00,group_winner,Netherlands,0.535,0.53,0.54,0.54,129122.55606199999,91757.3342,False
2026-06-13T11:24:17+00:00,group_winner,Sweden,0.145,0.14,0.15,0.16,64482.70736399989,50484.2731,False
2026-06-13T11:24:17+00:00,group_winner,New Zealand,0.0305,0.029,0.032,0.032,37934.521532000035,61971.95748,False
2026-06-13T11:24:17+00:00,group_winner,Iran,0.1155,0.115,0.116,0.117,100592.73614000001,68819.04085,False
2026-06-13T11:24:17+00:00,group_winner,Egypt,0.165,0.16,0.17,0.17,38458.639711,34589.348,False
2026-06-13T11:24:17+00:00,group_winner,Belgium,0.695,0.69,0.7,0.7,107671.66345900009,52037.34,False
2026-06-13T11:24:17+00:00,group_winner,Cape Verde,0.013,0.01,0.016,0.014,89167.70670299996,57844.76815,False
2026-06-13T11:24:17+00:00,group_winner,Uruguay,0.195,0.19,0.2,0.2,31504.71580400003,70232.2792,False
2026-06-13T11:24:17+00:00,group_winner,Spain,0.785,0.78,0.79,0.8,66149.12899799996,77938.8863,False
2026-06-13T11:24:17+00:00,group_winner,Saudi Arabia,0.021,0.014,0.028,0.023,129893.88282500001,91917.28831,False
2026-06-13T11:24:17+00:00,group_winner,Senegal,0.115,0.11,0.12,0.11,92939.560185,62459.6992,False
2026-06-13T11:24:17+00:00,group_winner,Norway,0.245,0.24,0.25,0.25,65951.04651399994,65730.154,False
2026-06-13T11:24:17+00:00,group_winner,France,0.655,0.65,0.66,0.66,197324.50387899944,69638.9608,False
2026-06-13T11:24:17+00:00,group_winner,Iraq,0.0075,0.006,0.009,0.008,101902.23942899994,111029.137,False
2026-06-13T11:24:17+00:00,group_winner,Algeria,0.0845,0.084,0.085,0.085,61719.12917400006,58192.53743,False
2026-06-13T11:24:17+00:00,group_winner,Jordan,0.0155,0.014,0.017,0.018,30437.078212999986,55072.48944,False
2026-06-13T11:24:17+00:00,group_winner,Argentina,0.715,0.71,0.72,0.72,183838.9615459993,94762.329,False
2026-06-13T11:24:17+00:00,group_winner,Austria,0.195,0.19,0.2,0.2,53638.63668400001,63030.0476,False
2026-06-13T11:24:17+00:00,group_winner,Colombia,0.325,0.32,0.33,0.33,53043.59663699994,54060.4546,False
2026-06-13T11:24:17+00:00,group_winner,DR Congo,0.0325,0.028,0.037,0.03,40586.63697400001,38569.93768,False
2026-06-13T11:24:17+00:00,group_winner,Portugal,0.63,0.62,0.64,0.64,185231.76859499948,42470.3051,False
2026-06-13T11:24:17+00:00,group_winner,Uzbekistan,0.0265,0.022,0.031,0.027,29903.80569900001,27299.43142,False
2026-06-13T11:24:17+00:00,group_winner,England,0.705,0.7,0.71,0.71,65639.587571,54008.2443,False
2026-06-13T11:24:17+00:00,group_winner,Ghana,0.0535,0.049,0.058,0.059,31364.89797600002,35416.65092,False
2026-06-13T11:24:17+00:00,group_winner,Croatia,0.235,0.23,0.24,0.24,36988.248211000035,55765.1825,False
2026-06-13T11:24:17+00:00,group_winner,Panama,0.026,0.024,0.028,0.028,36799.59914300001,42335.52058,False
2026-06-15T10:50:17+00:00,advance,South Korea,0.935,0.93,0.94,0.93,28087.57707100002,10014.2936,False
2026-06-15T10:50:17+00:00,advance,Czech Republic,0.555,0.55,0.56,0.55,25616.862138999983,8782.2958,False
2026-06-15T10:50:17+00:00,advance,Switzerland,0.8975,0.897,0.898,0.897,245835.44532499998,36477.72793,False
2026-06-15T10:50:17+00:00,advance,Bosnia and Herzegovina,0.67,0.66,0.68,0.67,74417.33625599997,7832.8219,False
2026-06-15T10:50:17+00:00,advance,Morocco,0.935,0.93,0.94,0.93,62297.28689199999,31811.1977,False
2026-06-15T10:50:17+00:00,advance,Haiti,0.0445,0.044,0.045,0.044,100705.80337500005,52139.69345,False
2026-06-15T10:50:17+00:00,advance,Australia,0.875,0.87,0.88,0.87,40485.962140000076,13769.1591,False
2026-06-15T10:50:17+00:00,advance,Turkey,0.52,0.51,0.53,0.52,46925.182513,10137.1975,False
2026-06-15T10:50:17+00:00,advance,Ecuador,0.795,0.79,0.8,0.79,26669.256250000006,11679.2489,False
2026-06-15T10:50:17+00:00,advance,Curaçao,0.025,0.02,0.03,0.02,71928.34578999996,59726.43837,False
2026-06-15T10:50:17+00:00,advance,Japan,0.855,0.85,0.86,0.86,67678.09637200006,12418.4859,False
2026-06-15T10:50:17+00:00,advance,Sweden,0.935,0.93,0.94,0.93,46654.73149399999,11841.2915,False
2026-06-15T10:50:17+00:00,advance,Iran,0.6175,0.614,0.621,0.614,17726.679334999997,17995.25604,False
2026-06-15T10:50:17+00:00,advance,New Zealand,0.315,0.31,0.32,0.32,79267.61392399996,40133.8813,False
2026-06-15T10:50:17+00:00,advance,Uruguay,0.885,0.88,0.89,0.88,17813.68893700001,13249.9869,False
2026-06-15T10:50:17+00:00,advance,Cape Verde,0.295,0.29,0.3,0.29,25525.06607000001,28084.4173,False
2026-06-15T10:50:17+00:00,advance,Senegal,0.71,0.7,0.72,0.7,53538.730128,26042.1891,False
2026-06-15T10:50:17+00:00,advance,Iraq,0.13,0.12,0.14,0.12,188558.65072899975,49389.0642,False
2026-06-15T10:50:17+00:00,advance,Austria,0.785,0.78,0.79,0.78,34687.04249199981,7166.8486,False
2026-06-15T10:50:17+00:00,advance,Jordan,0.195,0.19,0.2,0.2,72683.67006700012,28769.2348,False
2026-06-15T10:50:17+00:00,advance,Colombia,0.905,0.9,0.91,0.91,21870.47080300001,11975.7094,False
2026-06-15T10:50:17+00:00,advance,Mexico,0.9765,0.976,0.977,0.976,73209.10422899999,27458.11392,False
2026-06-15T10:50:17+00:00,advance,South Africa,0.16,0.15,0.17,0.17,31606.724382000022,11365.2046,False
2026-06-15T10:50:17+00:00,advance,Canada,0.845,0.84,0.85,0.84,51447.9055099991,15096.5948,False
2026-06-15T10:50:17+00:00,advance,Qatar,0.255,0.25,0.26,0.26,130405.914498,48255.354,False
2026-06-15T10:50:17+00:00,advance,Brazil,0.9335,0.932,0.935,0.943,59482.302845,19440.32782,False
2026-06-15T10:50:17+00:00,advance,Scotland,0.745,0.74,0.75,0.73,101871.89045499984,14622.0402,False
2026-06-15T10:50:17+00:00,advance,United States,0.979,0.975,0.983,0.975,88772.58046099998,30940.32107,False
2026-06-15T10:50:17+00:00,advance,Paraguay,0.365,0.36,0.37,0.36,50786.75493100003,12821.9571,False
2026-06-15T10:50:17+00:00,advance,Germany,0.9955,0.993,0.998,0.993,43112.544877,28875.7074,False
2026-06-15T10:50:17+00:00,advance,Ivory Coast,0.955,0.95,0.96,0.955,19711.389200999954,12824.4263,False
2026-06-15T10:50:17+00:00,advance,Netherlands,0.905,0.9,0.91,0.9,43433.12869099997,33274.332,False
2026-06-15T10:50:17+00:00,advance,Tunisia,0.07,0.06,0.08,0.08,56856.57101100007,11390.664,False
2026-06-15T10:50:17+00:00,advance,Belgium,0.9465,0.944,0.949,0.949,22188.009434,16954.21204,False
2026-06-15T10:50:17+00:00,advance,Egypt,0.715,0.71,0.72,0.72,7612.913784,26505.9818,False
2026-06-15T10:50:17+00:00,advance,Spain,0.986,0.984,0.988,0.989,67866.57946900005,27671.87127,False
2026-06-15T10:50:17+00:00,advance,Saudi Arabia,0.345,0.34,0.35,0.36,113493.39217100001,30726.1708,False
2026-06-15T10:50:17+00:00,advance,France,0.9685,0.966,0.971,0.973,208728.810251,106604.44859,False
2026-06-15T10:50:17+00:00,advance,Norway,0.855,0.85,0.86,0.85,87417.5089489998,33473.5249,False
2026-06-15T10:50:17+00:00,advance,Argentina,0.9715,0.971,0.972,0.971,31522.80083999997,16303.96494,False
2026-06-15T10:50:17+00:00,advance,Algeria,0.665,0.66,0.67,0.66,29899.901359,21803.2293,False
2026-06-15T10:50:17+00:00,advance,Portugal,0.9605,0.96,0.961,0.961,30372.880689000034,20717.44773,False
2026-06-15T10:50:17+00:00,advance,Uzbekistan,0.335,0.33,0.34,0.33,27375.420885000003,32120.5097,False
2026-06-15T10:50:17+00:00,advance,England,0.9565,0.956,0.957,0.957,32506.75482500001,19105.45047,False
2026-06-15T10:50:17+00:00,advance,Panama,0.375,0.37,0.38,0.37,60817.71126900002,31349.1464,False
2026-06-15T10:50:17+00:00,advance,DR Congo,0.405,0.4,0.41,0.41,27883.682824999993,19248.7682,False
2026-06-15T10:50:17+00:00,advance,Croatia,0.825,0.82,0.83,0.82,55033.840982,13913.6175,False
2026-06-15T10:50:17+00:00,advance,Ghana,0.465,0.46,0.47,0.49,81141.34956799995,19710.0043,False
2026-06-15T10:50:17+00:00,outright,Spain,0.1625,0.162,0.163,0.163,45738085.87974822,7433378.74929,False
2026-06-15T10:50:17+00:00,outright,New Zealand,0.0005,,0.001,0.001,46259194.542645186,21790416.32465,False
2026-06-15T10:50:17+00:00,outright,Switzerland,0.0085,0.008,0.009,0.008,48905642.837301224,2952621.81582,False
2026-06-15T10:50:17+00:00,outright,England,0.0965,0.096,0.097,0.096,38904196.926395185,7814587.64142,False
2026-06-15T10:50:17+00:00,outright,France,0.1605,0.16,0.161,0.161,52063948.16001053,7620433.32016,False
2026-06-15T10:50:17+00:00,outright,South Korea,0.0045,0.004,0.005,0.005,67411964.36655368,5339195.69966,False
2026-06-15T10:50:17+00:00,outright,Haiti,0.0005,,0.001,0.001,32683367.94182009,22114154.18244,False
2026-06-15T10:50:17+00:00,outright,Brazil,0.0655,0.065,0.066,0.066,41210898.84410826,6757699.58097,False
2026-06-15T10:50:17+00:00,outright,Jordan,0.0005,,0.001,0.001,32359887.091882773,22276782.2422,False
2026-06-15T10:50:17+00:00,outright,Curaçao,0.0005,,0.001,0.001,43639562.22691622,20654105.47077,False
2026-06-15T10:50:17+00:00,outright,Argentina,0.0805,0.08,0.081,0.081,42406310.836252816,7717751.90393,False
2026-06-15T10:50:17+00:00,outright,Germany,0.0645,0.064,0.065,0.065,47759516.961663984,1816502.80138,False
2026-06-15T10:50:17+00:00,outright,Colombia,0.0155,0.015,0.016,0.016,48969818.697297096,4653978.08448,False
2026-06-15T10:50:17+00:00,outright,Iran,0.0015,0.001,0.002,0.001,52591151.254789785,12234897.98348,False
2026-06-15T10:50:17+00:00,outright,Portugal,0.1075,0.107,0.108,0.108,47386858.02419943,7008763.53534,False
2026-06-15T10:50:17+00:00,outright,Ghana,0.0015,0.001,0.002,0.001,44189685.83444191,17133201.97429,False
2026-06-15T10:50:17+00:00,outright,Netherlands,0.0495,0.049,0.05,0.049,48090686.57373627,1822252.23264,False
2026-06-15T10:50:17+00:00,outright,Algeria,0.0015,0.001,0.002,0.001,53855643.84821554,10057553.64704,False
2026-06-15T10:50:17+00:00,outright,Bosnia and Herzegovina,0.0015,0.001,0.002,0.001,39202691.48571784,9672940.4014,False
2026-06-15T10:50:17+00:00,outright,United States,0.0205,0.02,0.021,0.021,71119585.12026884,2454296.59805,False
2026-06-15T10:50:17+00:00,outright,Canada,0.0025,0.002,0.003,0.003,51819075.3611182,8940894.29179,False
2026-06-15T10:50:17+00:00,outright,Turkey,0.0045,0.004,0.005,0.005,51741166.969090134,2814396.5016,False
2026-06-15T10:50:17+00:00,outright,Uruguay,0.0085,0.008,0.009,0.009,51427800.11380199,9521545.58696,False
2026-06-15T10:50:17+00:00,outright,Mexico,0.0135,0.013,0.014,0.013,60039035.779436745,3115969.75177,False
2026-06-15T10:50:17+00:00,outright,Paraguay,0.0015,0.001,0.002,0.002,57170518.241987534,8745585.51384,False
2026-06-15T10:50:17+00:00,outright,Scotland,0.0025,0.002,0.003,0.002,55004725.754445195,13009054.72024,False
2026-06-15T10:50:17+00:00,outright,Japan,0.0205,0.02,0.021,0.02,52299326.85947923,781712.97635,False
2026-06-15T10:50:17+00:00,outright,Norway,0.0245,0.024,0.025,0.025,47543500.957660966,1567414.01279,False
2026-06-15T10:50:17+00:00,outright,Tunisia,0.0005,,0.001,0.001,36238330.29368601,19440423.7835,False
2026-06-15T10:50:17+00:00,outright,Ecuador,0.0045,0.004,0.005,0.004,56466548.3569115,4542495.81594,False
2026-06-15T10:50:17+00:00,outright,Uzbekistan,0.0005,,0.001,0.001,60821657.14841757,16670815.34336,False
2026-06-15T10:50:17+00:00,outright,Morocco,0.0225,0.022,0.023,0.023,54280406.82259615,1307321.0271,False
2026-06-15T10:50:17+00:00,outright,Panama,0.0005,,0.001,0.001,19810065.76575688,22250629.32156,False
2026-06-15T10:50:17+00:00,outright,Iraq,0.0005,,0.001,0.001,29956745.602710936,22081507.41914,False
2026-06-15T10:50:17+00:00,outright,South Africa,0.0005,,0.001,0.001,38902243.83789427,18486326.77243,False
2026-06-15T10:50:17+00:00,outright,Senegal,0.0065,0.006,0.007,0.007,44712508.3034956,7492455.70072,False
2026-06-15T10:50:17+00:00,outright,Ivory Coast,0.0065,0.006,0.007,0.007,63064906.157430276,6819519.31443,False
2026-06-15T10:50:17+00:00,outright,DR Congo,0.0015,0.001,0.002,0.001,62956855.37540979,16676778.13275,False
2026-06-15T10:50:17+00:00,outright,Cape Verde,0.0005,,0.001,0.001,42261065.25716404,21461556.42409,False
2026-06-15T10:50:17+00:00,outright,Czech Republic,0.0015,0.001,0.002,0.001,50882420.5760158,12530256.73138,False
2026-06-15T10:50:17+00:00,outright,Qatar,0.0005,,0.001,0.001,43121594.15833187,20793618.67442,False
2026-06-15T10:50:17+00:00,outright,Belgium,0.0195,0.019,0.02,0.019,50798572.901886806,2409428.32769,False
2026-06-15T10:50:17+00:00,outright,Australia,0.0035,0.003,0.004,0.003,58979512.25738559,18651319.58147,False
2026-06-15T10:50:17+00:00,outright,Saudi Arabia,0.0005,,0.001,0.001,50534043.02288373,14583612.77296,False
2026-06-15T10:50:17+00:00,outright,Austria,0.0045,0.004,0.005,0.005,54521399.784153335,2190257.92124,False
2026-06-15T10:50:17+00:00,outright,Croatia,0.0085,0.008,0.009,0.008,54997555.128805466,2571917.42492,False
2026-06-15T10:50:17+00:00,outright,Egypt,0.0015,0.001,0.002,0.001,57209791.78735965,7814988.23481,False
2026-06-15T10:50:17+00:00,outright,Sweden,0.0055,0.005,0.006,0.006,42941936.15384518,7488382.77884,False
2026-06-15T10:50:17+00:00,group_winner,Mexico,0.635,0.63,0.64,0.63,404639.5737089993,63930.9682,False
2026-06-15T10:50:17+00:00,group_winner,South Korea,0.335,0.33,0.34,0.33,180533.1729550004,74011.0513,False
2026-06-15T10:50:17+00:00,group_winner,South Africa,0.0065,0.006,0.007,0.007,350375.462814,50347.68647,False
2026-06-15T10:50:17+00:00,group_winner,Czech Republic,0.034,0.033,0.035,0.033,92635.10402800003,62641.33688,False
2026-06-15T10:50:17+00:00,group_winner,Canada,0.365,0.36,0.37,0.36,115356.68717199977,22218.9458,False
2026-06-15T10:50:17+00:00,group_winner,Qatar,0.0245,0.024,0.025,0.025,116823.03131699993,56716.60137,False
2026-06-15T10:50:17+00:00,group_winner,Bosnia and Herzegovina,0.145,0.14,0.15,0.14,158015.09243499994,61937.9746,False
2026-06-15T10:50:17+00:00,group_winner,Switzerland,0.445,0.44,0.45,0.45,384406.6116070011,28071.2736,False
2026-06-15T10:50:17+00:00,group_winner,Scotland,0.1055,0.103,0.108,0.11,270957.46833099995,49471.43569,False
2026-06-15T10:50:17+00:00,group_winner,Brazil,0.595,0.59,0.6,0.59,226940.80519800057,68534.8387,False
2026-06-15T10:50:17+00:00,group_winner,Haiti,0.005,0.004,0.006,0.004,84679.298559,57092.1366,False
2026-06-15T10:50:17+00:00,group_winner,Morocco,0.295,0.29,0.3,0.3,224525.3636030007,75092.3145,False
2026-06-15T10:50:17+00:00,group_winner,Paraguay,0.0215,0.019,0.024,0.025,197651.71626099967,31255.78507,False
2026-06-15T10:50:17+00:00,group_winner,Turkey,0.08,0.07,0.09,0.09,332439.7846149994,52854.0899,False
2026-06-15T10:50:17+00:00,group_winner,United States,0.705,0.7,0.71,0.71,303135.151934999,53205.6178,False
2026-06-15T10:50:17+00:00,group_winner,Australia,0.194,0.189,0.199,0.198,87255.2343739999,45356.9964,False
2026-06-15T10:50:17+00:00,group_winner,Curaçao,0.0015,0.001,0.002,0.004,64580.80033600005,38444.00572,False
2026-06-15T10:50:17+00:00,group_winner,Ecuador,0.045,0.04,0.05,0.03,91018.07762799994,17715.2642,False
2026-06-15T10:50:17+00:00,group_winner,Germany,0.75,0.74,0.76,0.76,252437.83995600036,41590.9638,False
2026-06-15T10:50:17+00:00,group_winner,Ivory Coast,0.2075,0.207,0.208,0.208,79134.20605299997,48421.65463,False
2026-06-15T10:50:17+00:00,group_winner,Tunisia,0.0125,0.009,0.016,0.01,72682.07214899987,39244.60403,False
2026-06-15T10:50:17+00:00,group_winner,Japan,0.265,0.26,0.27,0.26,193665.10413399764,38102.4825,False
2026-06-15T10:50:17+00:00,group_winner,Netherlands,0.465,0.46,0.47,0.47,169497.15147399998,38741.9469,False
2026-06-15T10:50:17+00:00,group_winner,Sweden,0.255,0.25,0.26,0.25,88118.00707699991,37295.1833,False
2026-06-15T10:50:17+00:00,group_winner,New Zealand,0.032,0.028,0.036,0.028,48147.65070800004,60917.83705,False
2026-06-15T10:50:17+00:00,group_winner,Iran,0.0895,0.087,0.092,0.088,113597.61530899999,67895.85617,False
2026-06-15T10:50:17+00:00,group_winner,Egypt,0.165,0.16,0.17,0.18,54172.230283,15390.231,False
2026-06-15T10:50:17+00:00,group_winner,Belgium,0.715,0.71,0.72,0.72,136592.09646100004,31211.423,False
2026-06-15T10:50:17+00:00,group_winner,Senegal,0.095,0.09,0.1,0.09,96204.35529800001,58299.3035,False
2026-06-15T10:50:17+00:00,group_winner,Norway,0.235,0.23,0.24,0.24,69869.44724599991,59200.4779,False
2026-06-15T10:50:17+00:00,group_winner,France,0.665,0.66,0.67,0.67,277415.4382409993,67393.6484,False
2026-06-15T10:50:17+00:00,group_winner,Iraq,0.0075,0.006,0.009,0.006,103868.10302799988,104536.75028,False
2026-06-15T10:50:17+00:00,group_winner,Algeria,0.085,0.084,0.086,0.086,68354.99572800015,63075.10467,False
2026-06-15T10:50:17+00:00,group_winner,Jordan,0.0135,0.011,0.016,0.011,32945.61834599999,50354.83692,False
2026-06-15T10:50:17+00:00,group_winner,Argentina,0.715,0.71,0.72,0.72,202466.4618409988,45841.5132,False
2026-06-15T10:50:17+00:00,group_winner,Austria,0.19,0.18,0.2,0.18,58282.93842100007,58740.0674,False
2026-06-15T10:50:17+00:00,group_winner,Colombia,0.325,0.32,0.33,0.33,58624.04146999996,60644.9792,False
2026-06-15T10:50:17+00:00,group_winner,DR Congo,0.028,0.022,0.034,0.024,44015.851417000005,42967.82108,False
2026-06-15T10:50:17+00:00,group_winner,Portugal,0.635,0.63,0.64,0.65,232908.98127199954,48967.7077,False
2026-06-15T10:50:17+00:00,group_winner,Uzbekistan,0.024,0.022,0.026,0.023,34049.374773000025,35576.35071,False
2026-06-15T10:50:17+00:00,group_winner,England,0.715,0.71,0.72,0.72,79863.410976,47070.8302,False
2026-06-15T10:50:17+00:00,group_winner,Ghana,0.0425,0.04,0.045,0.043,37981.34376900003,33266.35954,False
2026-06-15T10:50:17+00:00,group_winner,Croatia,0.215,0.21,0.22,0.22,44495.74776400002,35055.7521,False
2026-06-15T10:50:17+00:00,group_winner,Panama,0.026,0.025,0.027,0.022,42434.93817999998,38403.68395,False
2026-06-15T11:00:53+00:00,advance,South Korea,0.935,0.93,0.94,0.93,28087.57707100002,10014.2936,False
2026-06-15T11:00:53+00:00,advance,Czech Republic,0.555,0.55,0.56,0.55,25616.862138999983,8782.2958,False
2026-06-15T11:00:53+00:00,advance,Switzerland,0.8975,0.897,0.898,0.897,245835.44532499998,36477.72793,False
2026-06-15T11:00:53+00:00,advance,Bosnia and Herzegovina,0.67,0.66,0.68,0.67,74417.33625599997,7832.8219,False
2026-06-15T11:00:53+00:00,advance,Morocco,0.935,0.93,0.94,0.93,62297.28689199999,31811.1977,False
2026-06-15T11:00:53+00:00,advance,Haiti,0.0445,0.044,0.045,0.044,100705.80337500005,52139.69345,False
2026-06-15T11:00:53+00:00,advance,Australia,0.875,0.87,0.88,0.87,40485.962140000076,14727.8064,False
2026-06-15T11:00:53+00:00,advance,Turkey,0.52,0.51,0.53,0.52,46925.182513,10137.1975,False
2026-06-15T11:00:53+00:00,advance,Ecuador,0.795,0.79,0.8,0.79,26669.256250000006,11679.2489,False
2026-06-15T11:00:53+00:00,advance,Curaçao,0.025,0.02,0.03,0.02,71928.34578999996,59726.43837,False
2026-06-15T11:00:53+00:00,advance,Japan,0.855,0.85,0.86,0.86,67678.09637200006,12418.4859,False
2026-06-15T11:00:53+00:00,advance,Sweden,0.935,0.93,0.94,0.93,46654.73149399999,11841.2915,False
2026-06-15T11:00:53+00:00,advance,Iran,0.6175,0.614,0.621,0.614,17726.679334999997,17995.25604,False
2026-06-15T11:00:53+00:00,advance,New Zealand,0.315,0.31,0.32,0.32,79267.61392399996,40133.8813,False
2026-06-15T11:00:53+00:00,advance,Uruguay,0.885,0.88,0.89,0.88,17827.77893700001,13232.0393,False
2026-06-15T11:00:53+00:00,advance,Cape Verde,0.295,0.29,0.3,0.29,25539.15057600001,27978.8178,False
2026-06-15T11:00:53+00:00,advance,Senegal,0.71,0.7,0.72,0.7,53538.730128,26042.1891,False
2026-06-15T11:00:53+00:00,advance,Iraq,0.13,0.12,0.14,0.12,188558.65072899975,49389.0642,False
2026-06-15T11:00:53+00:00,advance,Austria,0.785,0.78,0.79,0.78,34687.04249199981,7166.8486,False
2026-06-15T11:00:53+00:00,advance,Jordan,0.195,0.19,0.2,0.2,72683.67006700012,28769.2348,False
2026-06-15T11:00:53+00:00,advance,Colombia,0.905,0.9,0.91,0.91,21870.47080300001,11975.7094,False
2026-06-15T11:00:53+00:00,advance,Mexico,0.9765,0.976,0.977,0.976,73209.10422899999,24511.55791,False
2026-06-15T11:00:53+00:00,advance,South Africa,0.16,0.15,0.17,0.17,31606.724382000022,11365.2046,False
2026-06-15T11:00:53+00:00,advance,Canada,0.845,0.84,0.85,0.84,51447.9055099991,16122.1961,False
2026-06-15T11:00:53+00:00,advance,Qatar,0.255,0.25,0.26,0.26,130405.914498,48255.354,False
2026-06-15T11:00:53+00:00,advance,Brazil,0.9335,0.932,0.935,0.943,59482.302845,19440.32782,False
2026-06-15T11:00:53+00:00,advance,Scotland,0.745,0.74,0.75,0.73,101871.89045499984,14622.0402,False
2026-06-15T11:00:53+00:00,advance,United States,0.979,0.975,0.983,0.975,88772.58046099998,30940.32107,False
2026-06-15T11:00:53+00:00,advance,Paraguay,0.365,0.36,0.37,0.36,50786.75493100003,12821.9571,False
2026-06-15T11:00:53+00:00,advance,Germany,0.9955,0.993,0.998,0.993,43112.544877,28875.7074,False
2026-06-15T11:00:53+00:00,advance,Ivory Coast,0.955,0.95,0.96,0.955,19711.389200999954,12824.4263,False
2026-06-15T11:00:53+00:00,advance,Netherlands,0.905,0.9,0.91,0.9,43433.12869099997,33274.332,False
2026-06-15T11:00:53+00:00,advance,Tunisia,0.07,0.06,0.08,0.08,56856.57101100007,11390.664,False
2026-06-15T11:00:53+00:00,advance,Belgium,0.9465,0.944,0.949,0.949,22188.009434,16954.21204,False
2026-06-15T11:00:53+00:00,advance,Egypt,0.715,0.71,0.72,0.72,7612.913784,26505.9818,False
2026-06-15T11:00:53+00:00,advance,Spain,0.986,0.984,0.988,0.989,67866.57946900005,27671.87127,False
2026-06-15T11:00:53+00:00,advance,Saudi Arabia,0.345,0.34,0.35,0.36,113493.39217100001,28031.3181,False
2026-06-15T11:00:53+00:00,advance,France,0.968,0.966,0.97,0.973,208728.810251,107283.51161,False
2026-06-15T11:00:53+00:00,advance,Norway,0.855,0.85,0.86,0.85,87417.5089489998,33774.3478,False
2026-06-15T11:00:53+00:00,advance,Argentina,0.9715,0.971,0.972,0.971,31522.80083999997,16303.96494,False
2026-06-15T11:00:53+00:00,advance,Algeria,0.665,0.66,0.67,0.66,29899.901359,21803.2293,False
2026-06-15T11:00:53+00:00,advance,Portugal,0.9605,0.96,0.961,0.961,30372.880689000034,20717.44773,False
2026-06-15T11:00:53+00:00,advance,Uzbekistan,0.335,0.33,0.34,0.33,27375.420885000003,32120.5097,False
2026-06-15T11:00:53+00:00,advance,England,0.9565,0.956,0.957,0.957,32506.75482500001,19105.45047,False
2026-06-15T11:00:53+00:00,advance,Panama,0.375,0.37,0.38,0.37,60817.71126900002,31349.1464,False
2026-06-15T11:00:53+00:00,advance,DR Congo,0.405,0.4,0.41,0.41,27883.682824999993,19248.7682,False
2026-06-15T11:00:53+00:00,advance,Croatia,0.825,0.82,0.83,0.82,55033.840982,13913.6175,False
2026-06-15T11:00:53+00:00,advance,Ghana,0.465,0.46,0.47,0.49,81141.34956799995,19710.0043,False
2026-06-15T11:00:53+00:00,outright,Spain,0.1625,0.162,0.163,0.162,45748748.95214822,7444888.58189,False
2026-06-15T11:00:53+00:00,outright,New Zealand,0.0005,,0.001,0.001,46259194.542645186,21790416.32465,False
2026-06-15T11:00:53+00:00,outright,Switzerland,0.0085,0.008,0.009,0.008,48905642.837301224,2952621.81582,False
2026-06-15T11:00:53+00:00,outright,England,0.0965,0.096,0.097,0.097,38906733.56679418,7836471.25984,False
2026-06-15T11:00:53+00:00,outright,France,0.1605,0.16,0.161,0.161,52068362.477274545,7643085.02883,False
2026-06-15T11:00:53+00:00,outright,South Korea,0.0045,0.004,0.005,0.005,67411964.36655368,5339195.69966,False
2026-06-15T11:00:53+00:00,outright,Haiti,0.0005,,0.001,0.001,32683367.94182009,22114154.18244,False
2026-06-15T11:00:53+00:00,outright,Brazil,0.0655,0.065,0.066,0.066,41210898.84410826,6757699.58097,False
2026-06-15T11:00:53+00:00,outright,Jordan,0.0005,,0.001,0.001,32359887.091882773,22276782.2422,False
2026-06-15T11:00:53+00:00,outright,Curaçao,0.0005,,0.001,0.001,43639562.22691622,20659632.10591,False
2026-06-15T11:00:53+00:00,outright,Argentina,0.0805,0.08,0.081,0.081,42417961.64968381,7746792.64478,False
2026-06-15T11:00:53+00:00,outright,Germany,0.0645,0.064,0.065,0.065,47759516.961663984,1816502.80138,False
2026-06-15T11:00:53+00:00,outright,Colombia,0.0155,0.015,0.016,0.016,48969818.697297096,4653978.08448,False
2026-06-15T11:00:53+00:00,outright,Iran,0.0015,0.001,0.002,0.001,52591151.254789785,12234897.98348,False
2026-06-15T11:00:53+00:00,outright,Portugal,0.1075,0.107,0.108,0.108,47399231.40084247,7025287.75367,False
2026-06-15T11:00:53+00:00,outright,Ghana,0.0015,0.001,0.002,0.001,44189685.83444191,17133201.97429,False
2026-06-15T11:00:53+00:00,outright,Netherlands,0.0495,0.049,0.05,0.049,48090686.57373627,1822252.23264,False
2026-06-15T11:00:53+00:00,outright,Algeria,0.0015,0.001,0.002,0.001,53855643.84821554,10057553.64704,False
2026-06-15T11:00:53+00:00,outright,Bosnia and Herzegovina,0.0015,0.001,0.002,0.001,39202691.48571784,9672940.4014,False
2026-06-15T11:00:53+00:00,outright,United States,0.0205,0.02,0.021,0.021,71119585.12026884,2454296.59805,False
2026-06-15T11:00:53+00:00,outright,Canada,0.0025,0.002,0.003,0.002,51841519.427118205,8947364.92017,False
2026-06-15T11:00:53+00:00,outright,Turkey,0.0045,0.004,0.005,0.004,51781719.41909013,2848785.58587,False
2026-06-15T11:00:53+00:00,outright,Uruguay,0.0085,0.008,0.009,0.009,51427800.11380199,9521545.58696,False
2026-06-15T11:00:53+00:00,outright,Mexico,0.0135,0.013,0.014,0.013,60039035.779436745,3115969.75177,False
2026-06-15T11:00:53+00:00,outright,Paraguay,0.0015,0.001,0.002,0.002,57170518.241987534,8745585.51384,False
2026-06-15T11:00:53+00:00,outright,Scotland,0.0025,0.002,0.003,0.002,55004725.754445195,13009054.72024,False
2026-06-15T11:00:53+00:00,outright,Japan,0.0205,0.02,0.021,0.02,52299326.85947923,781712.97635,False
2026-06-15T11:00:53+00:00,outright,Norway,0.0245,0.024,0.025,0.025,47543500.957660966,1567414.01279,False
2026-06-15T11:00:53+00:00,outright,Tunisia,0.0005,,0.001,0.001,36238330.29368601,19440423.7835,False
2026-06-15T11:00:53+00:00,outright,Ecuador,0.0045,0.004,0.005,0.004,56488953.637911506,4546507.83584,False
2026-06-15T11:00:53+00:00,outright,Uzbekistan,0.0005,,0.001,0.001,60821657.14841757,16670815.34336,False
2026-06-15T11:00:53+00:00,outright,Morocco,0.0225,0.022,0.023,0.022,54292790.44452715,1324770.05279,False
2026-06-15T11:00:53+00:00,outright,Panama,0.0005,,0.001,0.001,19810065.76575688,22257096.2547,False
2026-06-15T11:00:53+00:00,outright,Iraq,0.0005,,0.001,0.001,29956745.602710936,22081507.41914,False
2026-06-15T11:00:53+00:00,outright,South Africa,0.0005,,0.001,0.001,38902243.83789427,18489764.61857,False
2026-06-15T11:00:53+00:00,outright,Senegal,0.0065,0.006,0.007,0.007,44712508.3034956,7492455.70072,False
2026-06-15T11:00:53+00:00,outright,Ivory Coast,0.0065,0.006,0.007,0.007,63064906.157430276,6819519.31443,False
2026-06-15T11:00:53+00:00,outright,DR Congo,0.0015,0.001,0.002,0.001,62979197.37540979,16683276.06837,False
2026-06-15T11:00:53+00:00,outright,Cape Verde,0.0005,,0.001,0.001,42261065.25716404,21461556.42409,False
2026-06-15T11:00:53+00:00,outright,Czech Republic,0.0015,0.001,0.002,0.001,50882420.5760158,12530256.73138,False
2026-06-15T11:00:53+00:00,outright,Qatar,0.0005,,0.001,0.001,43121594.15833187,20793618.67442,False
2026-06-15T11:00:53+00:00,outright,Belgium,0.0195,0.019,0.02,0.019,50798572.901886806,2409428.32769,False
2026-06-15T11:00:53+00:00,outright,Australia,0.0035,0.003,0.004,0.003,59002417.072385594,18659011.32872,False
2026-06-15T11:00:53+00:00,outright,Saudi Arabia,0.0005,,0.001,0.001,50534043.02288373,14587153.5891,False
2026-06-15T11:00:53+00:00,outright,Austria,0.0045,0.004,0.005,0.005,54521399.784153335,2190257.92124,False
2026-06-15T11:00:53+00:00,outright,Croatia,0.0085,0.008,0.009,0.008,55021053.81041647,2577214.0154,False
2026-06-15T11:00:53+00:00,outright,Egypt,0.0015,0.001,0.002,0.001,57209791.78735965,7814988.23481,False
2026-06-15T11:00:53+00:00,outright,Sweden,0.0055,0.005,0.006,0.006,42941936.15384518,7488382.77884,False
2026-06-15T11:00:53+00:00,group_winner,Mexico,0.635,0.63,0.64,0.63,404639.5737089993,60490.2102,False
2026-06-15T11:00:53+00:00,group_winner,South Korea,0.335,0.33,0.34,0.33,180540.1229550004,74475.5045,False
2026-06-15T11:00:53+00:00,group_winner,South Africa,0.0065,0.006,0.007,0.007,350375.462814,50301.74271,False
2026-06-15T11:00:53+00:00,group_winner,Czech Republic,0.0345,0.033,0.036,0.033,92635.10402800003,62648.67481,False
2026-06-15T11:00:53+00:00,group_winner,Canada,0.365,0.36,0.37,0.36,115356.68717199977,22783.7093,False
2026-06-15T11:00:53+00:00,group_winner,Qatar,0.0245,0.024,0.025,0.025,116823.03131699993,56716.60137,False
2026-06-15T11:00:53+00:00,group_winner,Bosnia and Herzegovina,0.145,0.14,0.15,0.14,158015.09243499994,63666.0999,False
2026-06-15T11:00:53+00:00,group_winner,Switzerland,0.445,0.44,0.45,0.45,384406.6116070011,22596.7717,False
2026-06-15T11:00:53+00:00,group_winner,Scotland,0.1055,0.103,0.108,0.11,270957.46833099995,49471.43569,False
2026-06-15T11:00:53+00:00,group_winner,Brazil,0.595,0.59,0.6,0.59,226940.80519800057,68534.8387,False
2026-06-15T11:00:53+00:00,group_winner,Haiti,0.005,0.004,0.006,0.004,84679.298559,57092.1366,False
2026-06-15T11:00:53+00:00,group_winner,Morocco,0.295,0.29,0.3,0.3,224525.3636030007,75092.3145,False
2026-06-15T11:00:53+00:00,group_winner,Paraguay,0.0215,0.019,0.024,0.025,197651.71626099967,31255.78507,False
2026-06-15T11:00:53+00:00,group_winner,Turkey,0.08,0.07,0.09,0.09,332439.7846149994,47391.0085,False
2026-06-15T11:00:53+00:00,group_winner,United States,0.705,0.7,0.71,0.71,303135.151934999,53205.6178,False
2026-06-15T11:00:53+00:00,group_winner,Australia,0.197,0.195,0.199,0.198,87255.2343739999,50529.85422,False
2026-06-15T11:00:53+00:00,group_winner,Curaçao,0.0015,0.001,0.002,0.004,64580.80033600005,38444.00572,False
2026-06-15T11:00:53+00:00,group_winner,Ecuador,0.045,0.04,0.05,0.03,91018.07762799994,17715.2642,False
2026-06-15T11:00:53+00:00,group_winner,Germany,0.75,0.74,0.76,0.76,252494.88205500037,25473.671,False
2026-06-15T11:00:53+00:00,group_winner,Ivory Coast,0.2075,0.207,0.208,0.207,79136.18605299997,46225.6097,False
2026-06-15T11:00:53+00:00,group_winner,Tunisia,0.0125,0.009,0.016,0.01,72682.07214899987,38480.11569,False
2026-06-15T11:00:53+00:00,group_winner,Japan,0.265,0.26,0.27,0.26,193665.10413399764,38754.7911,False
2026-06-15T11:00:53+00:00,group_winner,Netherlands,0.465,0.46,0.47,0.46,169717.14147399997,38392.893,False
2026-06-15T11:00:53+00:00,group_winner,Sweden,0.255,0.25,0.26,0.26,88522.0455359999,38586.3565,False
2026-06-15T11:00:53+00:00,group_winner,New Zealand,0.032,0.028,0.036,0.028,48147.65070800004,60780.24763,False
2026-06-15T11:00:53+00:00,group_winner,Iran,0.0895,0.087,0.092,0.088,113597.61530899999,67895.85617,False
2026-06-15T11:00:53+00:00,group_winner,Egypt,0.165,0.16,0.17,0.17,54271.245575999994,15703.6864,False
2026-06-15T11:00:53+00:00,group_winner,Belgium,0.715,0.71,0.72,0.72,136592.09646100004,31211.423,False
2026-06-15T11:00:53+00:00,group_winner,Cape Verde,0.0125,0.011,0.014,0.015,99696.35542700002,56534.00686,False
2026-06-15T11:00:53+00:00,group_winner,Uruguay,0.195,0.19,0.2,0.2,59197.23826400003,34194.2327,False
2026-06-15T11:00:53+00:00,group_winner,Spain,0.775,0.77,0.78,0.77,83809.4738690001,31592.0525,False
2026-06-15T11:00:53+00:00,group_winner,Saudi Arabia,0.014,0.011,0.017,0.017,141626.3849770001,90666.67567,False
2026-06-15T11:00:53+00:00,group_winner,Senegal,0.095,0.09,0.1,0.09,96204.35529800001,58299.3035,False
2026-06-15T11:00:53+00:00,group_winner,Norway,0.235,0.23,0.24,0.24,69869.44724599991,59200.4779,False
2026-06-15T11:00:53+00:00,group_winner,France,0.665,0.66,0.67,0.67,277439.7882409993,63920.9031,False
2026-06-15T11:00:53+00:00,group_winner,Iraq,0.0075,0.006,0.009,0.006,103868.10302799988,104516.19472,False
2026-06-15T11:00:53+00:00,group_winner,Algeria,0.085,0.084,0.086,0.086,68354.99572800015,63097.66599,False
2026-06-15T11:00:53+00:00,group_winner,Jordan,0.0135,0.011,0.016,0.011,32945.61834599999,50354.83692,False
2026-06-15T11:00:53+00:00,group_winner,Argentina,0.715,0.71,0.72,0.72,202466.4618409988,45841.5132,False
2026-06-15T11:00:53+00:00,group_winner,Austria,0.19,0.18,0.2,0.18,58282.93842100007,58740.0674,False
2026-06-15T11:00:53+00:00,group_winner,Colombia,0.325,0.32,0.33,0.33,58624.04146999996,58183.2827,False
2026-06-15T11:00:53+00:00,group_winner,DR Congo,0.0275,0.021,0.034,0.024,44015.851417000005,42304.69974,False
2026-06-15T11:00:53+00:00,group_winner,Portugal,0.635,0.63,0.64,0.65,232908.98127199954,49510.4588,False
2026-06-15T11:00:53+00:00,group_winner,Uzbekistan,0.024,0.022,0.026,0.023,34049.374773000025,35576.35071,False
2026-06-15T11:00:53+00:00,group_winner,England,0.715,0.71,0.72,0.72,79863.410976,47567.1782,False
2026-06-15T11:00:53+00:00,group_winner,Ghana,0.0425,0.04,0.045,0.043,37981.34376900003,33266.35954,False
2026-06-15T11:00:53+00:00,group_winner,Croatia,0.215,0.21,0.22,0.22,44495.74776400002,35418.1144,False
2026-06-15T11:00:53+00:00,group_winner,Panama,0.026,0.025,0.027,0.022,42434.93817999998,38403.68395,False
2026-06-15T21:53:16+00:00,advance,South Korea,0.935,0.93,0.94,0.93,28299.357071000017,9441.9219,False
2026-06-15T21:53:16+00:00,advance,Czech Republic,0.55,0.54,0.56,0.55,27330.310943999983,7613.2609,False
2026-06-15T21:53:16+00:00,advance,Switzerland,0.8835,0.883,0.884,0.883,248814.84713800007,43901.5163,False
2026-06-15T21:53:16+00:00,advance,Bosnia and Herzegovina,0.665,0.65,0.68,0.68,75615.79712299998,5525.3152,False
2026-06-15T21:53:16+00:00,advance,Morocco,0.935,0.92,0.95,0.95,73055.20669899999,28330.9127,False
2026-06-15T21:53:16+00:00,advance,Haiti,0.048,0.047,0.049,0.047,105567.26590200004,46377.66012,False
2026-06-15T21:53:16+00:00,advance,Australia,0.865,0.86,0.87,0.86,43305.803242000075,14958.0245,False
2026-06-15T21:53:16+00:00,advance,Turkey,0.525,0.52,0.53,0.53,51165.627321,11051.973,False
2026-06-15T21:53:16+00:00,advance,Ecuador,0.805,0.8,0.81,0.81,27993.40982100001,19834.8416,False
2026-06-15T21:53:16+00:00,advance,Curaçao,0.031,0.03,0.032,0.031,77588.36908099997,52578.24334,False
2026-06-15T21:53:16+00:00,advance,Japan,0.865,0.86,0.87,0.86,71793.46707900007,11585.7788,False
2026-06-15T21:53:16+00:00,advance,Sweden,0.95,0.94,0.96,0.95,52960.67345299997,16752.7599,False
2026-06-15T21:53:16+00:00,advance,Iran,0.582,0.567,0.597,0.59,19555.087962999998,17017.54872,False
2026-06-15T21:53:16+00:00,advance,New Zealand,0.315,0.3,0.33,0.31,93094.61972899993,28325.5273,False
2026-06-15T21:53:16+00:00,advance,Uruguay,0.885,0.87,0.9,0.89,18138.533755000008,11939.2859,False
2026-06-15T21:53:16+00:00,advance,Cape Verde,0.455,0.45,0.46,0.46,37114.909106000014,21758.6118,False
2026-06-15T21:53:16+00:00,advance,Senegal,0.705,0.7,0.71,0.7,54309.785678,28804.1088,False
2026-06-15T21:53:16+00:00,advance,Iraq,0.135,0.13,0.14,0.14,189357.07576899973,34103.7197,False
2026-06-15T21:53:16+00:00,advance,Austria,0.805,0.8,0.81,0.8,35470.87249199981,6127.3509,False
2026-06-15T21:53:16+00:00,advance,Jordan,0.205,0.19,0.22,0.22,73364.67006700009,28037.9493,False
2026-06-15T21:53:16+00:00,advance,Colombia,0.89,0.88,0.9,0.9,22684.257463000016,21558.4966,False
2026-06-15T21:53:16+00:00,advance,Mexico,0.9665,0.965,0.968,0.968,80306.361748,23753.64868,False
2026-06-15T21:53:16+00:00,advance,South Africa,0.175,0.17,0.18,0.16,32640.34051000002,10534.9566,False
2026-06-15T21:53:16+00:00,advance,Canada,0.845,0.82,0.87,0.85,52023.3455099991,8979.9636,False
2026-06-15T21:53:16+00:00,advance,Qatar,0.235,0.23,0.24,0.23,137628.78511300002,49902.5137,False
2026-06-15T21:53:16+00:00,advance,Brazil,0.948,0.943,0.953,0.953,60661.434776,17115.51864,False
2026-06-15T21:53:16+00:00,advance,Scotland,0.745,0.74,0.75,0.75,103272.21146499978,15828.1106,False
2026-06-15T21:53:16+00:00,advance,United States,0.9755,0.975,0.976,0.978,95085.37002899998,23735.95807,False
2026-06-15T21:53:16+00:00,advance,Paraguay,0.365,0.36,0.37,0.37,51306.52612500003,6136.2916,False
2026-06-15T21:53:16+00:00,advance,Germany,0.995,0.994,0.996,0.996,48307.978976000006,25730.56158,False
2026-06-15T21:53:16+00:00,advance,Ivory Coast,0.952,0.947,0.957,0.959,21761.731044999957,7537.68871,False
2026-06-15T21:53:16+00:00,advance,Netherlands,0.905,0.9,0.91,0.91,45724.877775999965,15521.4607,False
2026-06-15T21:53:16+00:00,advance,Tunisia,0.095,0.09,0.1,0.09,59621.98135600007,10198.543,False
2026-06-15T21:53:16+00:00,advance,Belgium,0.939,0.921,0.957,0.94,37139.902608,21882.7741,False
2026-06-15T21:53:16+00:00,advance,Egypt,0.82,0.81,0.83,0.81,11557.881306,6795.02,False
2026-06-15T21:53:16+00:00,advance,Spain,0.968,0.965,0.971,0.97,79591.70989600006,20512.76822,False
2026-06-15T21:53:16+00:00,advance,Saudi Arabia,0.335,0.33,0.34,0.33,133745.51952700003,21125.4071,False
2026-06-15T21:53:16+00:00,advance,France,0.9675,0.963,0.972,0.974,210789.552753,78271.71874,False
2026-06-15T21:53:16+00:00,advance,Norway,0.855,0.85,0.86,0.86,87453.9059969998,32842.8212,False
2026-06-15T21:53:16+00:00,advance,Argentina,0.969,0.967,0.971,0.971,31813.836788999975,15383.89912,False
2026-06-15T21:53:16+00:00,advance,Algeria,0.66,0.65,0.67,0.65,30888.424573,20509.2127,False
2026-06-15T21:53:16+00:00,advance,Portugal,0.9605,0.96,0.961,0.96,30526.171270000035,18918.7101,False
2026-06-15T21:53:16+00:00,advance,Uzbekistan,0.305,0.3,0.31,0.31,27667.31383,33463.5195,False
2026-06-15T21:53:16+00:00,advance,England,0.964,0.959,0.969,0.958,34528.400796000016,19671.58416,False
2026-06-15T21:53:16+00:00,advance,Panama,0.35,0.34,0.36,0.36,62745.38990800002,29478.3623,False
2026-06-15T21:53:16+00:00,advance,DR Congo,0.395,0.38,0.41,0.41,28180.246262999994,19006.6193,False
2026-06-15T21:53:16+00:00,advance,Croatia,0.835,0.83,0.84,0.83,55137.988911,14714.6033,False
2026-06-15T21:53:16+00:00,advance,Ghana,0.495,0.49,0.5,0.5,83317.13035099996,31562.7062,False
2026-06-15T21:53:16+00:00,outright,Spain,0.1445,0.144,0.145,0.144,48704387.75593232,7237066.15689,False
2026-06-15T21:53:16+00:00,outright,New Zealand,0.0005,,0.001,0.001,46514209.552645184,22179211.18763,False
2026-06-15T21:53:16+00:00,outright,Switzerland,0.0085,0.008,0.009,0.009,49399764.75473729,3685692.00784,False
2026-06-15T21:53:16+00:00,outright,England,0.1055,0.105,0.106,0.106,40436087.80732017,7070391.55713,False
2026-06-15T21:53:16+00:00,outright,France,0.1685,0.168,0.169,0.168,54172354.73180944,6482443.60732,False
2026-06-15T21:53:16+00:00,outright,South Korea,0.0035,0.003,0.004,0.004,70940620.2436347,5255881.443,False
2026-06-15T21:53:16+00:00,outright,Haiti,0.0005,,0.001,0.001,32708367.94182009,22823247.39046,False
2026-06-15T21:53:16+00:00,outright,Brazil,0.0665,0.066,0.067,0.066,41545639.19748438,7457965.98656,False
2026-06-15T21:53:16+00:00,outright,Jordan,0.0005,,0.001,0.001,32493437.091882773,22763879.49299,False
2026-06-15T21:53:16+00:00,outright,Curaçao,0.0005,,0.001,0.001,43696562.22691622,21369962.33843,False
2026-06-15T21:53:16+00:00,outright,Argentina,0.0835,0.083,0.084,0.083,43604222.82121728,8667507.73474,False
2026-06-15T21:53:16+00:00,outright,Germany,0.0635,0.063,0.064,0.064,49305333.90745405,4122879.10518,False
2026-06-15T21:53:16+00:00,outright,Colombia,0.0155,0.015,0.016,0.016,49662135.27761809,5177017.67233,False
2026-06-15T21:53:16+00:00,outright,Iran,0.0015,0.001,0.002,0.001,53463836.02478978,11741014.62988,False
2026-06-15T21:53:16+00:00,outright,Portugal,0.1075,0.107,0.108,0.108,48092580.78901086,6930851.48079,False
2026-06-15T21:53:16+00:00,outright,Ghana,0.0015,0.001,0.002,0.001,44840666.79544187,18091864.61036,False
2026-06-15T21:53:16+00:00,outright,Netherlands,0.0515,0.051,0.052,0.052,48637862.61568326,2320971.65489,False
2026-06-15T21:53:16+00:00,outright,Algeria,0.0015,0.001,0.002,0.001,54729071.10621554,10281020.39477,False
2026-06-15T21:53:16+00:00,outright,Bosnia and Herzegovina,0.0015,0.001,0.002,0.001,39902592.61971783,9839140.5546,False
2026-06-15T21:53:16+00:00,outright,United States,0.0205,0.02,0.021,0.02,71575193.83062352,3112733.53632,False
2026-06-15T21:53:16+00:00,outright,Canada,0.0025,0.002,0.003,0.003,52472730.12394621,10054607.56555,False
2026-06-15T21:53:16+00:00,outright,Turkey,0.0045,0.004,0.005,0.005,53237462.009340145,2751449.70681,False
2026-06-15T21:53:16+00:00,outright,Uruguay,0.0115,0.011,0.012,0.012,54588530.12394198,3375862.10341,False
2026-06-15T21:53:16+00:00,outright,Mexico,0.0125,0.012,0.013,0.012,62574175.75711876,3983018.50989,False
2026-06-15T21:53:16+00:00,outright,Paraguay,0.0015,0.001,0.002,0.001,57945886.52198749,9386074.34147,False
2026-06-15T21:53:16+00:00,outright,Scotland,0.0025,0.002,0.003,0.003,56167004.56110421,12788378.82794,False
2026-06-15T21:53:16+00:00,outright,Japan,0.0165,0.016,0.017,0.017,54045850.82949342,1146623.1533,False
2026-06-15T21:53:16+00:00,outright,Norway,0.0245,0.024,0.025,0.025,48292007.57173193,2361285.80604,False
2026-06-15T21:53:16+00:00,outright,Tunisia,0.0005,,0.001,0.001,36256900.29368601,20078329.02666,False
2026-06-15T21:53:16+00:00,outright,Ecuador,0.0045,0.004,0.005,0.005,56961417.18691149,5444744.025,False
2026-06-15T21:53:16+00:00,outright,Uzbekistan,0.0005,,0.001,0.001,60843657.14841757,17293117.30615,False
2026-06-15T21:53:16+00:00,outright,Morocco,0.0215,0.021,0.022,0.022,55400611.4418462,1440951.85996,False
2026-06-15T21:53:16+00:00,outright,Panama,0.0005,,0.001,0.001,19842455.76575688,22847439.21894,False
2026-06-15T21:53:16+00:00,outright,Iraq,0.0005,,0.001,0.001,30083595.602710936,22645400.89722,False
2026-06-15T21:53:16+00:00,outright,South Africa,0.0005,,0.001,0.001,38956243.83789427,19154976.12929,False
2026-06-15T21:53:16+00:00,outright,Senegal,0.0065,0.006,0.007,0.006,45609230.70277865,7834236.03345,False
2026-06-15T21:53:16+00:00,outright,Ivory Coast,0.0055,0.005,0.006,0.006,64004357.499740295,7670317.56241,False
2026-06-15T21:53:16+00:00,outright,DR Congo,0.0015,0.001,0.002,0.001,63848086.32040977,16886149.62005,False
2026-06-15T21:53:16+00:00,outright,Cape Verde,0.0005,,0.001,0.001,44532520.437164046,19848504.81643,False
2026-06-15T21:53:16+00:00,outright,Czech Republic,0.0015,0.001,0.002,0.001,51574455.32201579,12728399.04958,False
2026-06-15T21:53:16+00:00,outright,Qatar,0.0005,,0.001,0.001,43272964.15833187,21302264.16915,False
2026-06-15T21:53:16+00:00,outright,Belgium,0.0175,0.017,0.018,0.018,53763671.52307973,1662638.41891,False
2026-06-15T21:53:16+00:00,outright,Australia,0.0035,0.003,0.004,0.003,59616204.558376566,19192436.45825,False
2026-06-15T21:53:16+00:00,outright,Saudi Arabia,0.0005,,0.001,0.001,51017798.952883735,14007900.75228,False
2026-06-15T21:53:16+00:00,outright,Austria,0.0045,0.004,0.005,0.005,54812217.007153295,2980630.34937,False
2026-06-15T21:53:16+00:00,outright,Croatia,0.0085,0.008,0.009,0.009,55935492.639224485,3543834.246,False
2026-06-15T21:53:16+00:00,outright,Egypt,0.0025,0.002,0.003,0.003,60670065.9125047,6602739.28189,False
2026-06-15T21:53:16+00:00,outright,Sweden,0.0055,0.005,0.006,0.006,43853366.928207204,8585645.57276,False
2026-06-15T21:53:16+00:00,group_winner,Mexico,0.625,0.62,0.63,0.63,413962.2694959995,50838.7276,False
2026-06-15T21:53:16+00:00,group_winner,South Korea,0.335,0.33,0.34,0.34,182355.59412000002,53662.8839,False
2026-06-15T21:53:16+00:00,group_winner,South Africa,0.0075,0.007,0.008,0.007,358691.995644,60614.36479,False
2026-06-15T21:53:16+00:00,group_winner,Czech Republic,0.0335,0.033,0.034,0.035,93663.417967,55947.93477,False
2026-06-15T21:53:16+00:00,group_winner,Canada,0.355,0.35,0.36,0.35,116452.23522099976,26411.2274,False
2026-06-15T21:53:16+00:00,group_winner,Qatar,0.0345,0.034,0.035,0.034,118036.45910799994,52096.58546,False
2026-06-15T21:53:16+00:00,group_winner,Bosnia and Herzegovina,0.155,0.15,0.16,0.16,195822.72407999993,50188.7492,False
2026-06-15T21:53:16+00:00,group_winner,Switzerland,0.445,0.44,0.45,0.45,387406.9185630013,29029.9778,False
2026-06-15T21:53:16+00:00,group_winner,Scotland,0.1075,0.105,0.11,0.11,272958.1956210001,53743.53541,False
2026-06-15T21:53:16+00:00,group_winner,Brazil,0.585,0.58,0.59,0.59,231059.96467200055,72166.5959,False
2026-06-15T21:53:16+00:00,group_winner,Haiti,0.004,0.003,0.005,0.003,89220.006059,45486.10118,False
2026-06-15T21:53:16+00:00,group_winner,Morocco,0.295,0.29,0.3,0.3,227514.45403900082,79583.8313,False
2026-06-15T21:53:16+00:00,group_winner,Paraguay,0.0185,0.018,0.019,0.018,198097.0428949997,23847.05293,False
2026-06-15T21:53:16+00:00,group_winner,Turkey,0.085,0.08,0.09,0.08,335527.9508139995,57929.9765,False
2026-06-15T21:53:16+00:00,group_winner,United States,0.685,0.68,0.69,0.69,325689.6068419983,46090.022,False
2026-06-15T21:53:16+00:00,group_winner,Australia,0.1975,0.197,0.198,0.198,88526.39904300004,44830.3648,False
2026-06-15T21:53:16+00:00,group_winner,Curaçao,0.0015,0.001,0.002,0.001,69853.38055400005,35343.56164,False
2026-06-15T21:53:16+00:00,group_winner,Ecuador,0.045,0.04,0.05,0.04,94278.61675999993,35409.4349,False
2026-06-15T21:53:16+00:00,group_winner,Germany,0.745,0.74,0.75,0.75,276224.2157310004,37230.6271,False
2026-06-15T21:53:16+00:00,group_winner,Ivory Coast,0.202,0.197,0.207,0.207,83738.7902429997,45655.67815,False
2026-06-15T21:53:16+00:00,group_winner,Tunisia,0.01,0.008,0.012,0.008,76039.05623099975,35019.80516,False
2026-06-15T21:53:16+00:00,group_winner,Japan,0.285,0.28,0.29,0.29,201921.8682749975,41742.4182,False
2026-06-15T21:53:16+00:00,group_winner,Netherlands,0.445,0.44,0.45,0.45,176643.81140699997,38713.1357,False
2026-06-15T21:53:16+00:00,group_winner,Sweden,0.285,0.28,0.29,0.28,97688.14372999988,50810.8308,False
2026-06-15T21:53:16+00:00,group_winner,New Zealand,0.034,0.031,0.037,0.034,53732.390830000055,53592.06618,False
2026-06-15T21:53:16+00:00,group_winner,Iran,0.1155,0.109,0.122,0.12,122875.81347199997,50225.44575,False
2026-06-15T21:53:16+00:00,group_winner,Egypt,0.215,0.2,0.23,0.23,75626.50941699998,21618.4199,False
2026-06-15T21:53:16+00:00,group_winner,Belgium,0.645,0.64,0.65,0.64,184237.00323299997,31479.9075,False
2026-06-15T21:53:16+00:00,group_winner,Cape Verde,0.038,0.032,0.044,0.043,120155.87718800001,29194.72633,False
2026-06-15T21:53:16+00:00,group_winner,Uruguay,0.335,0.33,0.34,0.34,80718.121474,29966.9969,False
2026-06-15T21:53:16+00:00,group_winner,Spain,0.615,0.61,0.62,0.62,122595.56419900009,28972.9179,False
2026-06-15T21:53:16+00:00,group_winner,Saudi Arabia,0.0305,0.03,0.031,0.031,158740.45697800012,68702.46654,False
2026-06-15T21:53:16+00:00,group_winner,Senegal,0.095,0.09,0.1,0.1,96836.22147400002,45135.8864,False
2026-06-15T21:53:16+00:00,group_winner,Norway,0.235,0.23,0.24,0.24,70326.95334499989,48247.0031,False
2026-06-15T21:53:16+00:00,group_winner,France,0.665,0.66,0.67,0.67,283143.05530099926,61783.5336,False
2026-06-15T21:53:16+00:00,group_winner,Iraq,0.0065,0.004,0.009,0.006,104081.0681929999,99254.19762,False
2026-06-15T21:53:16+00:00,group_winner,Algeria,0.088,0.084,0.092,0.089,69913.28530900014,59329.16381,False
2026-06-15T21:53:16+00:00,group_winner,Jordan,0.0135,0.01,0.017,0.011,33015.86975299999,53263.58179,False
2026-06-15T21:53:16+00:00,group_winner,Argentina,0.715,0.71,0.72,0.72,226527.39746999872,41657.3501,False
2026-06-15T21:53:16+00:00,group_winner,Austria,0.19,0.18,0.2,0.18,59381.06210400007,55841.9296,False
2026-06-15T21:53:16+00:00,group_winner,Colombia,0.32,0.31,0.33,0.33,60149.87355599996,47357.9908,False
2026-06-15T21:53:16+00:00,group_winner,DR Congo,0.031,0.028,0.034,0.022,44194.85661200001,37509.08574,False
2026-06-15T21:53:16+00:00,group_winner,Portugal,0.62,0.61,0.63,0.63,248739.18626299952,41447.0802,False
2026-06-15T21:53:16+00:00,group_winner,Uzbekistan,0.0255,0.025,0.026,0.022,34186.26217900003,32940.15059,False
2026-06-15T21:53:16+00:00,group_winner,England,0.685,0.68,0.69,0.69,89391.01552799997,43610.0529,False
2026-06-15T21:53:16+00:00,group_winner,Ghana,0.0505,0.042,0.059,0.045,38533.55876900003,31657.1245,False
2026-06-15T21:53:16+00:00,group_winner,Croatia,0.22,0.21,0.23,0.21,45327.49447700003,25313.0701,False
2026-06-15T21:53:16+00:00,group_winner,Panama,0.025,0.023,0.027,0.022,42438.01509999998,35647.04834,False
2026-06-16T21:30:38+00:00,advance,South Korea,0.93,0.92,0.94,0.92,31280.52181700002,27267.8863,False
2026-06-16T21:30:38+00:00,advance,Czech Republic,0.545,0.54,0.55,0.55,28690.657123999972,17659.2579,False
2026-06-16T21:30:38+00:00,advance,Switzerland,0.8855,0.883,0.888,0.89,295259.34712900006,29234.94467,False
2026-06-16T21:30:38+00:00,advance,Bosnia and Herzegovina,0.675,0.67,0.68,0.67,77093.40576499997,17501.4471,False
2026-06-16T21:30:38+00:00,advance,Morocco,0.93,0.92,0.94,0.95,77138.586145,49648.0547,False
